%YAML 1.1
%TAG !u! tag:unity3d.com,2011:
--- !u!29 &1
OcclusionCullingSettings:
  m_ObjectHideFlags: 0
  serializedVersion: 2
  m_OcclusionBakeSettings:
    smallestOccluder: 5
    smallestHole: 0.25
    backfaceThreshold: 100
  m_SceneGUID: 00000000000000000000000000000000
  m_OcclusionCullingData: {fileID: 0}
--- !u!104 &2
RenderSettings:
  m_ObjectHideFlags: 0
  serializedVersion: 9
  m_Fog: 0
  m_FogColor: {r: 0.5, g: 0.5, b: 0.5, a: 1}
  m_FogMode: 3
  m_FogDensity: 0.01
  m_LinearFogStart: 0
  m_LinearFogEnd: 300
  m_AmbientSkyColor: {r: 0.212, g: 0.227, b: 0.259, a: 1}
  m_AmbientEquatorColor: {r: 0.114, g: 0.125, b: 0.133, a: 1}
  m_AmbientGroundColor: {r: 0.047, g: 0.043, b: 0.035, a: 1}
  m_AmbientIntensity: 1
  m_AmbientMode: 0
  m_SubtractiveShadowColor: {r: 0.42, g: 0.478, b: 0.627, a: 1}
  m_SkyboxMaterial: {fileID: 10304, guid: 0000000000000000f000000000000000, type: 0}
  m_HaloStrength: 0.5
  m_FlareStrength: 1
  m_FlareFadeSpeed: 3
  m_HaloTexture: {fileID: 0}
  m_SpotCookie: {fileID: 10001, guid: 0000000000000000e000000000000000, type: 0}
  m_DefaultReflectionMode: 0
  m_DefaultReflectionResolution: 128
  m_ReflectionBounces: 1
  m_ReflectionIntensity: 1
  m_CustomReflection: {fileID: 0}
  m_Sun: {fileID: 0}
  m_IndirectSpecularColor: {r: 0, g: 0, b: 0, a: 1}
  m_UseRadianceAmbientProbe: 0
--- !u!157 &3
LightmapSettings:
  m_ObjectHideFlags: 0
  serializedVersion: 11
  m_GIWorkflowMode: 1
  m_GISettings:
    serializedVersion: 2
    m_BounceScale: 1
    m_IndirectOutputScale: 1
    m_AlbedoBoost: 1
    m_EnvironmentLightingMode: 0
    m_EnableBakedLightmaps: 1
    m_EnableRealtimeLightmaps: 0
  m_LightmapEditorSettings:
    serializedVersion: 12
    m_Resolution: 2
    m_BakeResolution: 40
    m_AtlasSize: 1024
    m_AO: 0
    m_AOMaxDistance: 1
    m_CompAOExponent: 1
    m_CompAOExponentDirect: 0
    m_ExtractAmbientOcclusion: 0
    m_Padding: 2
    m_LightmapParameters: {fileID: 0}
    m_LightmapsBakeMode: 1
    m_TextureCompression: 1
    m_FinalGather: 0
    m_FinalGatherFiltering: 1
    m_FinalGatherRayCount: 256
    m_ReflectionCompression: 2
    m_MixedBakeMode: 2
    m_BakeBackend: 1
    m_PVRSampling: 1
    m_PVRDirectSampleCount: 32
    m_PVRSampleCount: 500
    m_PVRBounces: 2
    m_PVREnvironmentSampleCount: 500
    m_PVREnvironmentReferencePointCount: 2048
    m_PVRFilteringMode: 2
    m_PVRDenoiserTypeDirect: 0
    m_PVRDenoiserTypeIndirect: 0
    m_PVRDenoiserTypeAO: 0
    m_PVRFilterTypeDirect: 0
    m_PVRFilterTypeIndirect: 0
    m_PVRFilterTypeAO: 0
    m_PVREnvironmentMIS: 0
    m_PVRCulling: 1
    m_PVRFilteringGaussRadiusDirect: 1
    m_PVRFilteringGaussRadiusIndirect: 5
    m_PVRFilteringGaussRadiusAO: 2
    m_PVRFilteringAtrousPositionSigmaDirect: 0.5
    m_PVRFilteringAtrousPositionSigmaIndirect: 2
    m_PVRFilteringAtrousPositionSigmaAO: 1
    m_ExportTrainingData: 0
    m_TrainingDataDestination: TrainingData
    m_LightProbeSampleCountMultiplier: 4
  m_LightingDataAsset: {fileID: 0}
  m_UseShadowmask: 1
--- !u!196 &4
NavMeshSettings:
  serializedVersion: 2
  m_ObjectHideFlags: 0
  m_BuildSettings:
    serializedVersion: 2
    agentTypeID: 0
    agentRadius: 0.5
    agentHeight: 2
    agentSlope: 45
    agentClimb: 0.4
    ledgeDropHeight: 0
    maxJumpAcrossDistance: 0
    minRegionArea: 2
    manualCellSize: 0
    cellSize: 0.16666667
    manualTileSize: 0
    tileSize: 256
    accuratePlacement: 0
    debug:
      m_Flags: 0
  m_NavMeshData: {fileID: 0}
--- !u!1001 &34816894
PrefabInstance:
  m_ObjectHideFlags: 0
  serializedVersion: 2
  m_Modification:
    m_TransformParent: {fileID: 0}
    m_Modifications:
    - target: {fileID: 8767624404478260584, guid: 44739ae15e4d30848a1a0ff6b0322136,
        type: 3}
      propertyPath: m_RootOrder
      value: 5
      objectReference: {fileID: 0}
    - target: {fileID: 8767624404478260584, guid: 44739ae15e4d30848a1a0ff6b0322136,
        type: 3}
      propertyPath: m_LocalPosition.x
      value: -3
      objectReference: {fileID: 0}
    - target: {fileID: 8767624404478260584, guid: 44739ae15e4d30848a1a0ff6b0322136,
        type: 3}
      propertyPath: m_LocalPosition.y
      value: 0
      objectReference: {fileID: 0}
    - target: {fileID: 8767624404478260584, guid: 44739ae15e4d30848a1a0ff6b0322136,
        type: 3}
      propertyPath: m_LocalPosition.z
      value: 0
      objectReference: {fileID: 0}
    - target: {fileID: 8767624404478260584, guid: 44739ae15e4d30848a1a0ff6b0322136,
        type: 3}
      propertyPath: m_LocalRotation.w
      value: 1
      objectReference: {fileID: 0}
    - target: {fileID: 8767624404478260584, guid: 44739ae15e4d30848a1a0ff6b0322136,
        type: 3}
      propertyPath: m_LocalRotation.x
      value: 0
      objectReference: {fileID: 0}
    - target: {fileID: 8767624404478260584, guid: 44739ae15e4d30848a1a0ff6b0322136,
        type: 3}
      propertyPath: m_LocalRotation.y
      value: 0
      objectReference: {fileID: 0}
    - target: {fileID: 8767624404478260584, guid: 44739ae15e4d30848a1a0ff6b0322136,
        type: 3}
      propertyPath: m_LocalRotation.z
      value: 0
      objectReference: {fileID: 0}
    - target: {fileID: 8767624404478260584, guid: 44739ae15e4d30848a1a0ff6b0322136,
        type: 3}
      propertyPath: m_LocalEulerAnglesHint.x
      value: 0
      objectReference: {fileID: 0}
    - target: {fileID: 8767624404478260584, guid: 44739ae15e4d30848a1a0ff6b0322136,
        type: 3}
      propertyPath: m_LocalEulerAnglesHint.y
      value: 0
      objectReference: {fileID: 0}
    - target: {fileID: 8767624404478260584, guid: 44739ae15e4d30848a1a0ff6b0322136,
        type: 3}
      propertyPath: m_LocalEulerAnglesHint.z
      value: 0
      objectReference: {fileID: 0}
    - target: {fileID: 8767624404478260585, guid: 44739ae15e4d30848a1a0ff6b0322136,
        type: 3}
      propertyPath: adScreen
      value: 
      objectReference: {fileID: 1192650325}
    - target: {fileID: 8767624404478260585, guid: 44739ae15e4d30848a1a0ff6b0322136,
        type: 3}
      propertyPath: scoreText
      value: 
      objectReference: {fileID: 1192650326}
    - target: {fileID: 8767624404478260585, guid: 44739ae15e4d30848a1a0ff6b0322136,
        type: 3}
      propertyPath: startMenu
      value: 
      objectReference: {fileID: 1192650322}
    - target: {fileID: 8767624404478260585, guid: 44739ae15e4d30848a1a0ff6b0322136,
        type: 3}
      propertyPath: rewardText
      value: 
      objectReference: {fileID: 1192650327}
    - target: {fileID: 8767624404478260585, guid: 44739ae15e4d30848a1a0ff6b0322136,
        type: 3}
      propertyPath: pauseButton
      value: 
      objectReference: {fileID: 1131253000}
    - target: {fileID: 8767624404478260585, guid: 44739ae15e4d30848a1a0ff6b0322136,
        type: 3}
      propertyPath: rewardPopup
      value: 
      objectReference: {fileID: 626551268}
    - target: {fileID: 8767624404478260585, guid: 44739ae15e4d30848a1a0ff6b0322136,
        type: 3}
      propertyPath: bonusTimerUI
      value: 
      objectReference: {fileID: 1192650323}
    - target: {fileID: 8767624404478260585, guid: 44739ae15e4d30848a1a0ff6b0322136,
        type: 3}
      propertyPath: prefabSpawner
      value: 
      objectReference: {fileID: 171825786}
    - target: {fileID: 8767624404478260585, guid: 44739ae15e4d30848a1a0ff6b0322136,
        type: 3}
      propertyPath: treasureButton
      value: 
      objectReference: {fileID: 1192650329}
    - target: {fileID: 8767624404478260585, guid: 44739ae15e4d30848a1a0ff6b0322136,
        type: 3}
      propertyPath: gemBonusTimerUI
      value: 
      objectReference: {fileID: 1192650324}
    - target: {fileID: 8767624404478260585, guid: 44739ae15e4d30848a1a0ff6b0322136,
        type: 3}
      propertyPath: showRewardPopup
      value: 
      objectReference: {fileID: 814221074}
    - target: {fileID: 8767624404478260596, guid: 44739ae15e4d30848a1a0ff6b0322136,
        type: 3}
      propertyPath: m_Name
      value: Player
      objectReference: {fileID: 0}
    m_RemovedComponents: []
  m_SourcePrefab: {fileID: 100100000, guid: 44739ae15e4d30848a1a0ff6b0322136, type: 3}
--- !u!1 &171825786
GameObject:
  m_ObjectHideFlags: 0
  m_CorrespondingSourceObject: {fileID: 0}
  m_PrefabInstance: {fileID: 0}
  m_PrefabAsset: {fileID: 0}
  serializedVersion: 6
  m_Component:
  - component: {fileID: 171825787}
  - component: {fileID: 171825788}
  m_Layer: 0
  m_Name: Spawner
  m_TagString: Untagged
  m_Icon: {fileID: 0}
  m_NavMeshLayer: 0
  m_StaticEditorFlags: 0
  m_IsActive: 1
--- !u!4 &171825787
Transform:
  m_ObjectHideFlags: 0
  m_CorrespondingSourceObject: {fileID: 0}
  m_PrefabInstance: {fileID: 0}
  m_PrefabAsset: {fileID: 0}
  m_GameObject: {fileID: 171825786}
  m_LocalRotation: {x: 0, y: 0, z: 0, w: 1}
  m_LocalPosition: {x: 9.94, y: 0, z: 0}
  m_LocalScale: {x: 1, y: 1, z: 1}
  m_Children: []
  m_Father: {fileID: 0}
  m_RootOrder: 0
  m_LocalEulerAnglesHint: {x: 0, y: 0, z: 0}
--- !u!114 &171825788
MonoBehaviour:
  m_ObjectHideFlags: 0
  m_CorrespondingSourceObject: {fileID: 0}
  m_PrefabInstance: {fileID: 0}
  m_PrefabAsset: {fileID: 0}
  m_GameObject: {fileID: 171825786}
  m_Enabled: 1
  m_EditorHideFlags: 0
  m_Script: {fileID: 11500000, guid: 8a65a655fdc61f5428ad6947b58b9a99, type: 3}
  m_Name: 
  m_EditorClassIdentifier: 
  upObstacles:
  - {fileID: 2605487030040189179, guid: 6c1b09c353a39344dbc7462b3904a79b, type: 3}
  - {fileID: 2605487030040189179, guid: 148de5eb5303d124dba6a87cd4e476d7, type: 3}
  - {fileID: 2605487030040189179, guid: 4f9666afed59f4d4cbeb36df9f598c01, type: 3}
  - {fileID: 2605487030040189179, guid: cfea7471b18fc2644a2f62f9daac7a76, type: 3}
  - {fileID: 2605487030040189179, guid: 37b5d9e993edd064983527f2c6f4ed6b, type: 3}
  downObstacles:
  - {fileID: 7952788133463354356, guid: 2410e03d8e9bbb2428a68aae87eacc9f, type: 3}
  - {fileID: 951006912220657804, guid: 95aa2d5eb471936428b678223469508c, type: 3}
  - {fileID: 951006912220657804, guid: ff07563fbc3a09b4390df8e87fc09656, type: 3}
  midObstacle:
  - {fileID: 4132579297759005456, guid: 8d96b47ac75360543a78ca2ff2dbc39e, type: 3}
  - {fileID: 4132579297759005456, guid: 06a0d5c54e7ca2a4488dea75c646f6ca, type: 3}
  - {fileID: 4132579297759005456, guid: 9784a1962cfa1d9409cd1ca9e93b60bc, type: 3}
  movingObstacle:
  - {fileID: 827307150644935751, guid: 271c3e9060189c147a7e19396c16cdc4, type: 3}
  - {fileID: 4442286978118028417, guid: cb6ecb31d2f850a498778fcbba11b270, type: 3}
  pointPrefab: {fileID: 4327004526824486543, guid: 45d19e3d830557e4c9430ee019db1ebf,
    type: 3}
  bonusBox: {fileID: 610986386976927009, guid: 7b88cf52108bd584c9e1ab5838638ce2, type: 3}
  spawnRange: 10
  spawnRangeBonus: 10
  timer: 0
  xAxis: 0
  xAxisPoint: 0
  elapsedTime:
    migratedVersion: 
    currentCryptoKey: 1757582599
    hiddenValue: 1754644999
    hiddenValueOldByte4:
      b1: 0
      b2: 0
      b3: 0
      b4: 0
    inited: 1
    fakeValue: 0
    fakeValueActive: 0
--- !u!1 &626551268 stripped
GameObject:
  m_CorrespondingSourceObject: {fileID: 5248343805500424458, guid: 88afd7112290911499778f01f7cf9522,
    type: 3}
  m_PrefabInstance: {fileID: 1192650321}
  m_PrefabAsset: {fileID: 0}
--- !u!1 &680247275 stripped
GameObject:
  m_CorrespondingSourceObject: {fileID: 8767624404478260596, guid: 44739ae15e4d30848a1a0ff6b0322136,
    type: 3}
  m_PrefabInstance: {fileID: 34816894}
  m_PrefabAsset: {fileID: 0}
--- !u!114 &680247282 stripped
MonoBehaviour:
  m_CorrespondingSourceObject: {fileID: 8767624404478260585, guid: 44739ae15e4d30848a1a0ff6b0322136,
    type: 3}
  m_PrefabInstance: {fileID: 34816894}
  m_PrefabAsset: {fileID: 0}
  m_GameObject: {fileID: 680247275}
  m_Enabled: 1
  m_EditorHideFlags: 0
  m_Script: {fileID: 11500000, guid: 183636ad6857f7d43ae8b5f5ce45c51b, type: 3}
  m_Name: 
  m_EditorClassIdentifier: 
--- !u!1 &734358437
GameObject:
  m_ObjectHideFlags: 0
  m_CorrespondingSourceObject: {fileID: 0}
  m_PrefabInstance: {fileID: 0}
  m_PrefabAsset: {fileID: 0}
  serializedVersion: 6
  m_Component:
  - component: {fileID: 734358440}
  - component: {fileID: 734358439}
  - component: {fileID: 734358438}
  m_Layer: 0
  m_Name: EventSystem
  m_TagString: Untagged
  m_Icon: {fileID: 0}
  m_NavMeshLayer: 0
  m_StaticEditorFlags: 0
  m_IsActive: 1
--- !u!114 &734358438
MonoBehaviour:
  m_ObjectHideFlags: 0
  m_CorrespondingSourceObject: {fileID: 0}
  m_PrefabInstance: {fileID: 0}
  m_PrefabAsset: {fileID: 0}
  m_GameObject: {fileID: 734358437}
  m_Enabled: 1
  m_EditorHideFlags: 0
  m_Script: {fileID: 11500000, guid: 01614664b831546d2ae94a42149d80ac, type: 3}
  m_Name: 
  m_EditorClassIdentifier: 
  m_MoveRepeatDelay: 0.5
  m_MoveRepeatRate: 0.1
  m_ActionsAsset: {fileID: -944628639613478452, guid: ca9f5fa95ffab41fb9a615ab714db018,
    type: 3}
  m_PointAction: {fileID: 1054132383583890850, guid: ca9f5fa95ffab41fb9a615ab714db018,
    type: 3}
  m_MoveAction: {fileID: 3710738434707379630, guid: ca9f5fa95ffab41fb9a615ab714db018,
    type: 3}
  m_SubmitAction: {fileID: 2064916234097673511, guid: ca9f5fa95ffab41fb9a615ab714db018,
    type: 3}
  m_CancelAction: {fileID: -1967631576421560919, guid: ca9f5fa95ffab41fb9a615ab714db018,
    type: 3}
  m_LeftClickAction: {fileID: 8056856818456041789, guid: ca9f5fa95ffab41fb9a615ab714db018,
    type: 3}
  m_MiddleClickAction: {fileID: 3279352641294131588, guid: ca9f5fa95ffab41fb9a615ab714db018,
    type: 3}
  m_RightClickAction: {fileID: 3837173908680883260, guid: ca9f5fa95ffab41fb9a615ab714db018,
    type: 3}
  m_ScrollWheelAction: {fileID: 4502412055082496612, guid: ca9f5fa95ffab41fb9a615ab714db018,
    type: 3}
  m_TrackedDevicePositionAction: {fileID: 4754684134866288074, guid: ca9f5fa95ffab41fb9a615ab714db018,
    type: 3}
  m_TrackedDeviceOrientationAction: {fileID: 1025543830046995696, guid: ca9f5fa95ffab41fb9a615ab714db018,
    type: 3}
  m_DeselectOnBackgroundClick: 1
  m_PointerBehavior: 0
--- !u!114 &734358439
MonoBehaviour:
  m_ObjectHideFlags: 0
  m_CorrespondingSourceObject: {fileID: 0}
  m_PrefabInstance: {fileID: 0}
  m_PrefabAsset: {fileID: 0}
  m_GameObject: {fileID: 734358437}
  m_Enabled: 1
  m_EditorHideFlags: 0
  m_Script: {fileID: 11500000, guid: 76c392e42b5098c458856cdf6ecaaaa1, type: 3}
  m_Name: 
  m_EditorClassIdentifier: 
  m_FirstSelected: {fileID: 0}
  m_sendNavigationEvents: 1
  m_DragThreshold: 10
--- !u!4 &734358440
Transform:
  m_ObjectHideFlags: 0
  m_CorrespondingSourceObject: {fileID: 0}
  m_PrefabInstance: {fileID: 0}
  m_PrefabAsset: {fileID: 0}
  m_GameObject: {fileID: 734358437}
  m_LocalRotation: {x: 0, y: 0, z: 0, w: 1}
  m_LocalPosition: {x: 0, y: 0, z: 0}
  m_LocalScale: {x: 1, y: 1, z: 1}
  m_Children: []
  m_Father: {fileID: 0}
  m_RootOrder: 2
  m_LocalEulerAnglesHint: {x: 0, y: 0, z: 0}
--- !u!1 &739401936
GameObject:
  m_ObjectHideFlags: 0
  m_CorrespondingSourceObject: {fileID: 0}
  m_PrefabInstance: {fileID: 0}
  m_PrefabAsset: {fileID: 0}
  serializedVersion: 6
  m_Component:
  - component: {fileID: 739401937}
  - component: {fileID: 739401938}
  m_Layer: 5
  m_Name: Arkaplan
  m_TagString: Untagged
  m_Icon: {fileID: 0}
  m_NavMeshLayer: 0
  m_StaticEditorFlags: 0
  m_IsActive: 1
--- !u!4 &739401937
Transform:
  m_ObjectHideFlags: 0
  m_CorrespondingSourceObject: {fileID: 0}
  m_PrefabInstance: {fileID: 0}
  m_PrefabAsset: {fileID: 0}
  m_GameObject: {fileID: 739401936}
  m_LocalRotation: {x: -0, y: -0, z: -0, w: 1}
  m_LocalPosition: {x: 6.92, y: -1.2, z: 3.4399996}
  m_LocalScale: {x: 1.1278633, y: 1.1278633, z: 1.1278633}
  m_Children: []
  m_Father: {fileID: 0}
  m_RootOrder: 4
  m_LocalEulerAnglesHint: {x: 0, y: 0, z: 0}
--- !u!212 &739401938
SpriteRenderer:
  m_ObjectHideFlags: 0
  m_CorrespondingSourceObject: {fileID: 0}
  m_PrefabInstance: {fileID: 0}
  m_PrefabAsset: {fileID: 0}
  m_GameObject: {fileID: 739401936}
  m_Enabled: 1
  m_CastShadows: 0
  m_ReceiveShadows: 0
  m_DynamicOccludee: 1
  m_MotionVectors: 1
  m_LightProbeUsage: 1
  m_ReflectionProbeUsage: 1
  m_RayTracingMode: 0
  m_RenderingLayerMask: 1
  m_RendererPriority: 0
  m_Materials:
  - {fileID: 10754, guid: 0000000000000000f000000000000000, type: 0}
  m_StaticBatchInfo:
    firstSubMesh: 0
    subMeshCount: 0
  m_StaticBatchRoot: {fileID: 0}
  m_ProbeAnchor: {fileID: 0}
  m_LightProbeVolumeOverride: {fileID: 0}
  m_ScaleInLightmap: 1
  m_ReceiveGI: 1
  m_PreserveUVs: 0
  m_IgnoreNormalsForChartDetection: 0
  m_ImportantGI: 0
  m_StitchLightmapSeams: 1
  m_SelectedEditorRenderState: 0
  m_MinimumChartSize: 4
  m_AutoUVMaxDistance: 0.5
  m_AutoUVMaxAngle: 89
  m_LightmapParameters: {fileID: 0}
  m_SortingLayerID: 0
  m_SortingLayer: 0
  m_SortingOrder: -2
  m_Sprite: {fileID: 21300000, guid: fe7478deed3f268449e47506c0cb448e, type: 3}
  m_Color: {r: 1, g: 1, b: 1, a: 1}
  m_FlipX: 0
  m_FlipY: 0
  m_DrawMode: 0
  m_Size: {x: 110.3, y: 38.88506}
  m_AdaptiveModeThreshold: 0.5
  m_SpriteTileMode: 0
  m_WasSpriteAssigned: 1
  m_MaskInteraction: 0
  m_SpriteSortPoint: 0
--- !u!1 &814221074 stripped
GameObject:
  m_CorrespondingSourceObject: {fileID: 9091997273141850484, guid: 88afd7112290911499778f01f7cf9522,
    type: 3}
  m_PrefabInstance: {fileID: 1192650321}
  m_PrefabAsset: {fileID: 0}
--- !u!1 &963194225
GameObject:
  m_ObjectHideFlags: 0
  m_CorrespondingSourceObject: {fileID: 0}
  m_PrefabInstance: {fileID: 0}
  m_PrefabAsset: {fileID: 0}
  serializedVersion: 6
  m_Component:
  - component: {fileID: 963194228}
  - component: {fileID: 963194227}
  - component: {fileID: 963194226}
  - component: {fileID: 963194229}
  - component: {fileID: 963194230}
  m_Layer: 0
  m_Name: Main Camera
  m_TagString: MainCamera
  m_Icon: {fileID: 0}
  m_NavMeshLayer: 0
  m_StaticEditorFlags: 0
  m_IsActive: 1
--- !u!81 &963194226
AudioListener:
  m_ObjectHideFlags: 0
  m_CorrespondingSourceObject: {fileID: 0}
  m_PrefabInstance: {fileID: 0}
  m_PrefabAsset: {fileID: 0}
  m_GameObject: {fileID: 963194225}
  m_Enabled: 1
--- !u!20 &963194227
Camera:
  m_ObjectHideFlags: 0
  m_CorrespondingSourceObject: {fileID: 0}
  m_PrefabInstance: {fileID: 0}
  m_PrefabAsset: {fileID: 0}
  m_GameObject: {fileID: 963194225}
  m_Enabled: 1
  serializedVersion: 2
  m_ClearFlags: 2
  m_BackGroundColor: {r: 0.7075472, g: 0.7992662, b: 0.9433962, a: 0}
  m_projectionMatrixMode: 1
  m_GateFitMode: 2
  m_FOVAxisMode: 0
  m_SensorSize: {x: 36, y: 24}
  m_LensShift: {x: 0, y: 0}
  m_FocalLength: 50
  m_NormalizedViewPortRect:
    serializedVersion: 2
    x: 0
    y: 0
    width: 1
    height: 1
  near clip plane: 0.3
  far clip plane: 1000
  field of view: 60
  orthographic: 1
  orthographic size: 9.07
  m_Depth: -1
  m_CullingMask:
    serializedVersion: 2
    m_Bits: 4294967295
  m_RenderingPath: -1
  m_TargetTexture: {fileID: 0}
  m_TargetDisplay: 0
  m_TargetEye: 3
  m_HDR: 1
  m_AllowMSAA: 1
  m_AllowDynamicResolution: 0
  m_ForceIntoRT: 0
  m_OcclusionCulling: 1
  m_StereoConvergence: 10
  m_StereoSeparation: 0.022
--- !u!4 &963194228
Transform:
  m_ObjectHideFlags: 0
  m_CorrespondingSourceObject: {fileID: 0}
  m_PrefabInstance: {fileID: 0}
  m_PrefabAsset: {fileID: 0}
  m_GameObject: {fileID: 963194225}
  m_LocalRotation: {x: 0, y: 0, z: 0, w: 1}
  m_LocalPosition: {x: 0, y: 0, z: -10}
  m_LocalScale: {x: 1, y: 1, z: 1}
  m_Children:
  - {fileID: 1824162643}
  - {fileID: 1990360494}
  m_Father: {fileID: 0}
  m_RootOrder: 1
  m_LocalEulerAnglesHint: {x: 0, y: 0, z: 0}
--- !u!114 &963194229
MonoBehaviour:
  m_ObjectHideFlags: 0
  m_CorrespondingSourceObject: {fileID: 0}
  m_PrefabInstance: {fileID: 0}
  m_PrefabAsset: {fileID: 0}
  m_GameObject: {fileID: 963194225}
  m_Enabled: 1
  m_EditorHideFlags: 0
  m_Script: {fileID: 11500000, guid: 763446bd1dd77f8458cc3f7e1bc5b712, type: 3}
  m_Name: 
  m_EditorClassIdentifier: 
  followGameObject: {fileID: 680247275}
  length: 2
--- !u!114 &963194230
MonoBehaviour:
  m_ObjectHideFlags: 0
  m_CorrespondingSourceObject: {fileID: 0}
  m_PrefabInstance: {fileID: 0}
  m_PrefabAsset: {fileID: 0}
  m_GameObject: {fileID: 963194225}
  m_Enabled: 1
  m_EditorHideFlags: 0
  m_Script: {fileID: 11500000, guid: b4162e1f177600647aebde223c8b34f9, type: 3}
  m_Name: 
  m_EditorClassIdentifier: 
  levels:
  - {fileID: 739401936}
  - {fileID: 1838745491}
  choke: 0
  scrollSpeed: 0
--- !u!114 &1131253000 stripped
MonoBehaviour:
  m_CorrespondingSourceObject: {fileID: 9111758323874449059, guid: 88afd7112290911499778f01f7cf9522,
    type: 3}
  m_PrefabInstance: {fileID: 1192650321}
  m_PrefabAsset: {fileID: 0}
  m_GameObject: {fileID: 0}
  m_Enabled: 1
  m_EditorHideFlags: 0
  m_Script: {fileID: 11500000, guid: 4e29b1a8efbd4b44bb3f3716e73f07ff, type: 3}
  m_Name: 
  m_EditorClassIdentifier: 
--- !u!1001 &1192650321
PrefabInstance:
  m_ObjectHideFlags: 0
  serializedVersion: 2
  m_Modification:
    m_TransformParent: {fileID: 0}
    m_Modifications:
    - target: {fileID: 1901424759392917795, guid: 88afd7112290911499778f01f7cf9522,
        type: 3}
      propertyPath: m_AnchoredPosition.y
      value: 78
      objectReference: {fileID: 0}
    - target: {fileID: 1901424759977604154, guid: 88afd7112290911499778f01f7cf9522,
        type: 3}
      propertyPath: m_Pivot.x
      value: 0
      objectReference: {fileID: 0}
    - target: {fileID: 1901424759977604154, guid: 88afd7112290911499778f01f7cf9522,
        type: 3}
      propertyPath: m_Pivot.y
      value: 0
      objectReference: {fileID: 0}
    - target: {fileID: 1901424759977604154, guid: 88afd7112290911499778f01f7cf9522,
        type: 3}
      propertyPath: m_RootOrder
      value: 6
      objectReference: {fileID: 0}
    - target: {fileID: 1901424759977604154, guid: 88afd7112290911499778f01f7cf9522,
        type: 3}
      propertyPath: m_AnchorMax.x
      value: 0
      objectReference: {fileID: 0}
    - target: {fileID: 1901424759977604154, guid: 88afd7112290911499778f01f7cf9522,
        type: 3}
      propertyPath: m_AnchorMax.y
      value: 0
      objectReference: {fileID: 0}
    - target: {fileID: 1901424759977604154, guid: 88afd7112290911499778f01f7cf9522,
        type: 3}
      propertyPath: m_AnchorMin.x
      value: 0
      objectReference: {fileID: 0}
    - target: {fileID: 1901424759977604154, guid: 88afd7112290911499778f01f7cf9522,
        type: 3}
      propertyPath: m_AnchorMin.y
      value: 0
      objectReference: {fileID: 0}
    - target: {fileID: 1901424759977604154, guid: 88afd7112290911499778f01f7cf9522,
        type: 3}
      propertyPath: m_SizeDelta.x
      value: 0
      objectReference: {fileID: 0}
    - target: {fileID: 1901424759977604154, guid: 88afd7112290911499778f01f7cf9522,
        type: 3}
      propertyPath: m_SizeDelta.y
      value: 0
      objectReference: {fileID: 0}
    - target: {fileID: 1901424759977604154, guid: 88afd7112290911499778f01f7cf9522,
        type: 3}
      propertyPath: m_LocalPosition.x
      value: 0
      objectReference: {fileID: 0}
    - target: {fileID: 1901424759977604154, guid: 88afd7112290911499778f01f7cf9522,
        type: 3}
      propertyPath: m_LocalPosition.y
      value: 0
      objectReference: {fileID: 0}
    - target: {fileID: 1901424759977604154, guid: 88afd7112290911499778f01f7cf9522,
        type: 3}
      propertyPath: m_LocalPosition.z
      value: 0
      objectReference: {fileID: 0}
    - target: {fileID: 1901424759977604154, guid: 88afd7112290911499778f01f7cf9522,
        type: 3}
      propertyPath: m_LocalRotation.w
      value: 1
      objectReference: {fileID: 0}
    - target: {fileID: 1901424759977604154, guid: 88afd7112290911499778f01f7cf9522,
        type: 3}
      propertyPath: m_LocalRotation.x
      value: 0
      objectReference: {fileID: 0}
    - target: {fileID: 1901424759977604154, guid: 88afd7112290911499778f01f7cf9522,
        type: 3}
      propertyPath: m_LocalRotation.y
      value: 0
      objectReference: {fileID: 0}
    - target: {fileID: 1901424759977604154, guid: 88afd7112290911499778f01f7cf9522,
        type: 3}
      propertyPath: m_LocalRotation.z
      value: 0
      objectReference: {fileID: 0}
    - target: {fileID: 1901424759977604154, guid: 88afd7112290911499778f01f7cf9522,
        type: 3}
      propertyPath: m_AnchoredPosition.x
      value: 0
      objectReference: {fileID: 0}
    - target: {fileID: 1901424759977604154, guid: 88afd7112290911499778f01f7cf9522,
        type: 3}
      propertyPath: m_AnchoredPosition.y
      value: 0
      objectReference: {fileID: 0}
    - target: {fileID: 1901424759977604154, guid: 88afd7112290911499778f01f7cf9522,
        type: 3}
      propertyPath: m_LocalEulerAnglesHint.x
      value: 0
      objectReference: {fileID: 0}
    - target: {fileID: 1901424759977604154, guid: 88afd7112290911499778f01f7cf9522,
        type: 3}
      propertyPath: m_LocalEulerAnglesHint.y
      value: 0
      objectReference: {fileID: 0}
    - target: {fileID: 1901424759977604154, guid: 88afd7112290911499778f01f7cf9522,
        type: 3}
      propertyPath: m_LocalEulerAnglesHint.z
      value: 0
      objectReference: {fileID: 0}
    - target: {fileID: 1901424759977604157, guid: 88afd7112290911499778f01f7cf9522,
        type: 3}
      propertyPath: m_Name
      value: Canvas
      objectReference: {fileID: 0}
    - target: {fileID: 1901424760756858049, guid: 88afd7112290911499778f01f7cf9522,
        type: 3}
      propertyPath: m_AnchoredPosition.y
      value: 78.00012
      objectReference: {fileID: 0}
    - target: {fileID: 1901424761006200891, guid: 88afd7112290911499778f01f7cf9522,
        type: 3}
      propertyPath: m_AnchoredPosition.y
      value: 78.00012
      objectReference: {fileID: 0}
    - target: {fileID: 6626827876687750648, guid: 88afd7112290911499778f01f7cf9522,
        type: 3}
      propertyPath: m_OnClick.m_PersistentCalls.m_Calls.Array.data[0].m_Target
      value: 
      objectReference: {fileID: 680247282}
    - target: {fileID: 7447269342151915577, guid: 88afd7112290911499778f01f7cf9522,
        type: 3}
      propertyPath: player
      value: 
      objectReference: {fileID: 680247275}
    - target: {fileID: 7447269342151915577, guid: 88afd7112290911499778f01f7cf9522,
        type: 3}
      propertyPath: resetColider
      value: 
      objectReference: {fileID: 2030895229}
    - target: {fileID: 8944622011249236049, guid: 88afd7112290911499778f01f7cf9522,
        type: 3}
      propertyPath: m_OnClick.m_PersistentCalls.m_Calls.Array.data[0].m_Target
      value: 
      objectReference: {fileID: 680247282}
    m_RemovedComponents: []
  m_SourcePrefab: {fileID: 100100000, guid: 88afd7112290911499778f01f7cf9522, type: 3}
--- !u!1 &1192650322 stripped
GameObject:
  m_CorrespondingSourceObject: {fileID: 1901424759348533280, guid: 88afd7112290911499778f01f7cf9522,
    type: 3}
  m_PrefabInstance: {fileID: 1192650321}
  m_PrefabAsset: {fileID: 0}
--- !u!1 &1192650323 stripped
GameObject:
  m_CorrespondingSourceObject: {fileID: 1901424759392917794, guid: 88afd7112290911499778f01f7cf9522,
    type: 3}
  m_PrefabInstance: {fileID: 1192650321}
  m_PrefabAsset: {fileID: 0}
--- !u!1 &1192650324 stripped
GameObject:
  m_CorrespondingSourceObject: {fileID: 1901424760756858048, guid: 88afd7112290911499778f01f7cf9522,
    type: 3}
  m_PrefabInstance: {fileID: 1192650321}
  m_PrefabAsset: {fileID: 0}
--- !u!1 &1192650325 stripped
GameObject:
  m_CorrespondingSourceObject: {fileID: 1901424759172873958, guid: 88afd7112290911499778f01f7cf9522,
    type: 3}
  m_PrefabInstance: {fileID: 1192650321}
  m_PrefabAsset: {fileID: 0}
--- !u!1 &1192650326 stripped
GameObject:
  m_CorrespondingSourceObject: {fileID: 1901424761006200890, guid: 88afd7112290911499778f01f7cf9522,
    type: 3}
  m_PrefabInstance: {fileID: 1192650321}
  m_PrefabAsset: {fileID: 0}
--- !u!114 &1192650327 stripped
MonoBehaviour:
  m_CorrespondingSourceObject: {fileID: 4433559025677245348, guid: 88afd7112290911499778f01f7cf9522,
    type: 3}
  m_PrefabInstance: {fileID: 1192650321}
  m_PrefabAsset: {fileID: 0}
  m_GameObject: {fileID: 0}
  m_Enabled: 1
  m_EditorHideFlags: 0
  m_Script: {fileID: 11500000, guid: f4688fdb7df04437aeb418b961361dc5, type: 3}
  m_Name: 
  m_EditorClassIdentifier: 
--- !u!1 &1192650329 stripped
GameObject:
  m_CorrespondingSourceObject: {fileID: 9069294781999783863, guid: 88afd7112290911499778f01f7cf9522,
    type: 3}
  m_PrefabInstance: {fileID: 1192650321}
  m_PrefabAsset: {fileID: 0}
--- !u!1001 &1236270695
PrefabInstance:
  m_ObjectHideFlags: 0
  serializedVersion: 2
  m_Modification:
    m_TransformParent: {fileID: 0}
    m_Modifications:
    - target: {fileID: 4541109996392748309, guid: 126cd69015f36bb45aba63bba0a448e1,
        type: 3}
      propertyPath: m_Name
      value: ResetCollider
      objectReference: {fileID: 0}
    - target: {fileID: 4541109996392748309, guid: 126cd69015f36bb45aba63bba0a448e1,
        type: 3}
      propertyPath: m_IsActive
      value: 0
      objectReference: {fileID: 0}
    - target: {fileID: 6100324576957382659, guid: 126cd69015f36bb45aba63bba0a448e1,
        type: 3}
      propertyPath: m_RootOrder
      value: 7
      objectReference: {fileID: 0}
    - target: {fileID: 6100324576957382659, guid: 126cd69015f36bb45aba63bba0a448e1,
        type: 3}
      propertyPath: m_LocalPosition.x
      value: -26.33
      objectReference: {fileID: 0}
    - target: {fileID: 6100324576957382659, guid: 126cd69015f36bb45aba63bba0a448e1,
        type: 3}
      propertyPath: m_LocalPosition.y
      value: 0
      objectReference: {fileID: 0}
    - target: {fileID: 6100324576957382659, guid: 126cd69015f36bb45aba63bba0a448e1,
        type: 3}
      propertyPath: m_LocalPosition.z
      value: 0
      objectReference: {fileID: 0}
    - target: {fileID: 6100324576957382659, guid: 126cd69015f36bb45aba63bba0a448e1,
        type: 3}
      propertyPath: m_LocalRotation.w
      value: 1
      objectReference: {fileID: 0}
    - target: {fileID: 6100324576957382659, guid: 126cd69015f36bb45aba63bba0a448e1,
        type: 3}
      propertyPath: m_LocalRotation.x
      value: 0
      objectReference: {fileID: 0}
    - target: {fileID: 6100324576957382659, guid: 126cd69015f36bb45aba63bba0a448e1,
        type: 3}
      propertyPath: m_LocalRotation.y
      value: 0
      objectReference: {fileID: 0}
    - target: {fileID: 6100324576957382659, guid: 126cd69015f36bb45aba63bba0a448e1,
        type: 3}
      propertyPath: m_LocalRotation.z
      value: 0
      objectReference: {fileID: 0}
    - target: {fileID: 6100324576957382659, guid: 126cd69015f36bb45aba63bba0a448e1,
        type: 3}
      propertyPath: m_LocalEulerAnglesHint.x
      value: 0
      objectReference: {fileID: 0}
    - target: {fileID: 6100324576957382659, guid: 126cd69015f36bb45aba63bba0a448e1,
        type: 3}
      propertyPath: m_LocalEulerAnglesHint.y
      value: 0
      objectReference: {fileID: 0}
    - target: {fileID: 6100324576957382659, guid: 126cd69015f36bb45aba63bba0a448e1,
        type: 3}
      propertyPath: m_LocalEulerAnglesHint.z
      value: 0
      objectReference: {fileID: 0}
    m_RemovedComponents: []
  m_SourcePrefab: {fileID: 100100000, guid: 126cd69015f36bb45aba63bba0a448e1, type: 3}
--- !u!1 &1516558743
GameObject:
  m_ObjectHideFlags: 0
  m_CorrespondingSourceObject: {fileID: 0}
  m_PrefabInstance: {fileID: 0}
  m_PrefabAsset: {fileID: 0}
  serializedVersion: 6
  m_Component:
  - component: {fileID: 1516558746}
  - component: {fileID: 1516558745}
  - component: {fileID: 1516558744}
  m_Layer: 0
  m_Name: Ground 2
  m_TagString: Ground
  m_Icon: {fileID: 0}
  m_NavMeshLayer: 0
  m_StaticEditorFlags: 0
  m_IsActive: 1
--- !u!61 &1516558744
BoxCollider2D:
  m_ObjectHideFlags: 0
  m_CorrespondingSourceObject: {fileID: 0}
  m_PrefabInstance: {fileID: 0}
  m_PrefabAsset: {fileID: 0}
  m_GameObject: {fileID: 1516558743}
  m_Enabled: 1
  m_Density: 1
  m_Material: {fileID: 0}
  m_IsTrigger: 0
  m_UsedByEffector: 0
  m_UsedByComposite: 0
  m_Offset: {x: 0, y: 0}
  m_SpriteTilingProperty:
    border: {x: 0.049999997, y: 0.049999997, z: 0.049999997, w: 0.049999997}
    pivot: {x: 0.5, y: 0.5}
    oldSize: {x: 0.16, y: 0.16}
    newSize: {x: 0.16, y: 0.16}
    adaptiveTilingThreshold: 0.5
    drawMode: 0
    adaptiveTiling: 0
  m_AutoTiling: 0
  serializedVersion: 2
  m_Size: {x: 20.52, y: 0.16}
  m_EdgeRadius: 0
--- !u!212 &1516558745
SpriteRenderer:
  m_ObjectHideFlags: 0
  m_CorrespondingSourceObject: {fileID: 0}
  m_PrefabInstance: {fileID: 0}
  m_PrefabAsset: {fileID: 0}
  m_GameObject: {fileID: 1516558743}
  m_Enabled: 1
  m_CastShadows: 0
  m_ReceiveShadows: 0
  m_DynamicOccludee: 1
  m_MotionVectors: 1
  m_LightProbeUsage: 1
  m_ReflectionProbeUsage: 1
  m_RayTracingMode: 0
  m_RenderingLayerMask: 1
  m_RendererPriority: 0
  m_Materials:
  - {fileID: 10754, guid: 0000000000000000f000000000000000, type: 0}
  m_StaticBatchInfo:
    firstSubMesh: 0
    subMeshCount: 0
  m_StaticBatchRoot: {fileID: 0}
  m_ProbeAnchor: {fileID: 0}
  m_LightProbeVolumeOverride: {fileID: 0}
  m_ScaleInLightmap: 1
  m_ReceiveGI: 1
  m_PreserveUVs: 0
  m_IgnoreNormalsForChartDetection: 0
  m_ImportantGI: 0
  m_StitchLightmapSeams: 1
  m_SelectedEditorRenderState: 0
  m_MinimumChartSize: 4
  m_AutoUVMaxDistance: 0.5
  m_AutoUVMaxAngle: 89
  m_LightmapParameters: {fileID: 0}
  m_SortingLayerID: 0
  m_SortingLayer: 0
  m_SortingOrder: 0
  m_Sprite: {fileID: 10917, guid: 0000000000000000f000000000000000, type: 0}
  m_Color: {r: 1, g: 1, b: 1, a: 1}
  m_FlipX: 0
  m_FlipY: 0
  m_DrawMode: 0
  m_Size: {x: 0.16, y: 0.16}
  m_AdaptiveModeThreshold: 0.5
  m_SpriteTileMode: 0
  m_WasSpriteAssigned: 1
  m_MaskInteraction: 0
  m_SpriteSortPoint: 0
--- !u!4 &1516558746
Transform:
  m_ObjectHideFlags: 0
  m_CorrespondingSourceObject: {fileID: 0}
  m_PrefabInstance: {fileID: 0}
  m_PrefabAsset: {fileID: 0}
  m_GameObject: {fileID: 1516558743}
  m_LocalRotation: {x: -0, y: -0, z: -0, w: 1}
  m_LocalPosition: {x: 0, y: 16.75, z: 0}
  m_LocalScale: {x: 1, y: 1, z: 1}
  m_Children: []
  m_Father: {fileID: 1824162643}
  m_RootOrder: 0
  m_LocalEulerAnglesHint: {x: 0, y: 0, z: 0}
--- !u!1 &1824162640
GameObject:
  m_ObjectHideFlags: 0
  m_CorrespondingSourceObject: {fileID: 0}
  m_PrefabInstance: {fileID: 0}
  m_PrefabAsset: {fileID: 0}
  serializedVersion: 6
  m_Component:
  - component: {fileID: 1824162643}
  - component: {fileID: 1824162642}
  - component: {fileID: 1824162641}
  m_Layer: 0
  m_Name: Ground
  m_TagString: Ground
  m_Icon: {fileID: 0}
  m_NavMeshLayer: 0
  m_StaticEditorFlags: 0
  m_IsActive: 1
--- !u!61 &1824162641
BoxCollider2D:
  m_ObjectHideFlags: 0
  m_CorrespondingSourceObject: {fileID: 0}
  m_PrefabInstance: {fileID: 0}
  m_PrefabAsset: {fileID: 0}
  m_GameObject: {fileID: 1824162640}
  m_Enabled: 1
  m_Density: 1
  m_Material: {fileID: 0}
  m_IsTrigger: 0
  m_UsedByEffector: 0
  m_UsedByComposite: 0
  m_Offset: {x: 0, y: 0}
  m_SpriteTilingProperty:
    border: {x: 0.049999997, y: 0.049999997, z: 0.049999997, w: 0.049999997}
    pivot: {x: 0.5, y: 0.5}
    oldSize: {x: 0.16, y: 0.16}
    newSize: {x: 0.16, y: 0.16}
    adaptiveTilingThreshold: 0.5
    drawMode: 0
    adaptiveTiling: 0
  m_AutoTiling: 0
  serializedVersion: 2
  m_Size: {x: 20.52, y: 0.16}
  m_EdgeRadius: 0
--- !u!212 &1824162642
SpriteRenderer:
  m_ObjectHideFlags: 0
  m_CorrespondingSourceObject: {fileID: 0}
  m_PrefabInstance: {fileID: 0}
  m_PrefabAsset: {fileID: 0}
  m_GameObject: {fileID: 1824162640}
  m_Enabled: 1
  m_CastShadows: 0
  m_ReceiveShadows: 0
  m_DynamicOccludee: 1
  m_MotionVectors: 1
  m_LightProbeUsage: 1
  m_ReflectionProbeUsage: 1
  m_RayTracingMode: 0
  m_RenderingLayerMask: 1
  m_RendererPriority: 0
  m_Materials:
  - {fileID: 10754, guid: 0000000000000000f000000000000000, type: 0}
  m_StaticBatchInfo:
    firstSubMesh: 0
    subMeshCount: 0
  m_StaticBatchRoot: {fileID: 0}
  m_ProbeAnchor: {fileID: 0}
  m_LightProbeVolumeOverride: {fileID: 0}
  m_ScaleInLightmap: 1
  m_ReceiveGI: 1
  m_PreserveUVs: 0
  m_IgnoreNormalsForChartDetection: 0
  m_ImportantGI: 0
  m_StitchLightmapSeams: 1
  m_SelectedEditorRenderState: 0
  m_MinimumChartSize: 4
  m_AutoUVMaxDistance: 0.5
  m_AutoUVMaxAngle: 89
  m_LightmapParameters: {fileID: 0}
  m_SortingLayerID: 0
  m_SortingLayer: 0
  m_SortingOrder: 0
  m_Sprite: {fileID: 10917, guid: 0000000000000000f000000000000000, type: 0}
  m_Color: {r: 1, g: 1, b: 1, a: 1}
  m_FlipX: 0
  m_FlipY: 0
  m_DrawMode: 0
  m_Size: {x: 0.16, y: 0.16}
  m_AdaptiveModeThreshold: 0.5
  m_SpriteTileMode: 0
  m_WasSpriteAssigned: 1
  m_MaskInteraction: 0
  m_SpriteSortPoint: 0
--- !u!4 &1824162643
Transform:
  m_ObjectHideFlags: 0
  m_CorrespondingSourceObject: {fileID: 0}
  m_PrefabInstance: {fileID: 0}
  m_PrefabAsset: {fileID: 0}
  m_GameObject: {fileID: 1824162640}
  m_LocalRotation: {x: -0, y: -0, z: -0, w: 1}
  m_LocalPosition: {x: -0.86, y: -7.93, z: -6.0006638}
  m_LocalScale: {x: 1, y: 1, z: 1}
  m_Children:
  - {fileID: 1516558746}
  m_Father: {fileID: 963194228}
  m_RootOrder: 0
  m_LocalEulerAnglesHint: {x: 0, y: 0, z: 0}
--- !u!1 &1838745491
GameObject:
  m_ObjectHideFlags: 0
  m_CorrespondingSourceObject: {fileID: 0}
  m_PrefabInstance: {fileID: 0}
  m_PrefabAsset: {fileID: 0}
  serializedVersion: 6
  m_Component:
  - component: {fileID: 1838745492}
  - component: {fileID: 1838745493}
  - component: {fileID: 1838745496}
  m_Layer: 0
  m_Name: alt
  m_TagString: Untagged
  m_Icon: {fileID: 0}
  m_NavMeshLayer: 0
  m_StaticEditorFlags: 0
  m_IsActive: 1
--- !u!4 &1838745492
Transform:
  m_ObjectHideFlags: 0
  m_CorrespondingSourceObject: {fileID: 0}
  m_PrefabInstance: {fileID: 0}
  m_PrefabAsset: {fileID: 0}
  m_GameObject: {fileID: 1838745491}
  m_LocalRotation: {x: -0, y: -0, z: -0, w: 1}
  m_LocalPosition: {x: 0.4, y: -0.25, z: -0.63474274}
  m_LocalScale: {x: 0.76662594, y: 0.76662594, z: 2.5554194}
  m_Children: []
  m_Father: {fileID: 0}
  m_RootOrder: 3
  m_LocalEulerAnglesHint: {x: 0, y: 0, z: 0}
--- !u!212 &1838745493
SpriteRenderer:
  m_ObjectHideFlags: 0
  m_CorrespondingSourceObject: {fileID: 0}
  m_PrefabInstance: {fileID: 0}
  m_PrefabAsset: {fileID: 0}
  m_GameObject: {fileID: 1838745491}
  m_Enabled: 1
  m_CastShadows: 0
  m_ReceiveShadows: 0
  m_DynamicOccludee: 1
  m_MotionVectors: 1
  m_LightProbeUsage: 1
  m_ReflectionProbeUsage: 1
  m_RayTracingMode: 0
  m_RenderingLayerMask: 1
  m_RendererPriority: 0
  m_Materials:
  - {fileID: 10754, guid: 0000000000000000f000000000000000, type: 0}
  m_StaticBatchInfo:
    firstSubMesh: 0
    subMeshCount: 0
  m_StaticBatchRoot: {fileID: 0}
  m_ProbeAnchor: {fileID: 0}
  m_LightProbeVolumeOverride: {fileID: 0}
  m_ScaleInLightmap: 1
  m_ReceiveGI: 1
  m_PreserveUVs: 0
  m_IgnoreNormalsForChartDetection: 0
  m_ImportantGI: 0
  m_StitchLightmapSeams: 1
  m_SelectedEditorRenderState: 0
  m_MinimumChartSize: 4
  m_AutoUVMaxDistance: 0.5
  m_AutoUVMaxAngle: 89
  m_LightmapParameters: {fileID: 0}
  m_SortingLayerID: 0
  m_SortingLayer: 0
  m_SortingOrder: 0
  m_Sprite: {fileID: 21300000, guid: 6f4be92b6fa27bf45910f306b89703ea, type: 3}
  m_Color: {r: 1, g: 1, b: 1, a: 1}
  m_FlipX: 0
  m_FlipY: 0
  m_DrawMode: 0
  m_Size: {x: 83.39954, y: 10.71}
  m_AdaptiveModeThreshold: 0.5
  m_SpriteTileMode: 0
  m_WasSpriteAssigned: 1
  m_MaskInteraction: 0
  m_SpriteSortPoint: 0
--- !u!1839735485 &1838745496
Tilemap:
  m_ObjectHideFlags: 0
  m_CorrespondingSourceObject: {fileID: 0}
  m_PrefabInstance: {fileID: 0}
  m_PrefabAsset: {fileID: 0}
  m_GameObject: {fileID: 1838745491}
  m_Enabled: 1
  m_Tiles: {}
  m_AnimatedTiles: {}
  m_TileAssetArray: []
  m_TileSpriteArray: []
  m_TileMatrixArray: []
  m_TileColorArray: []
  m_TileObjectToInstantiateArray: []
  m_AnimationFrameRate: 1
  m_Color: {r: 1, g: 1, b: 1, a: 1}
  m_Origin: {x: 0, y: 0, z: 0}
  m_Size: {x: 0, y: 0, z: 1}
  m_TileAnchor: {x: 0.5, y: 0.5, z: 0}
  m_TileOrientation: 0
  m_TileOrientationMatrix:
    e00: 1
    e01: 0
    e02: 0
    e03: 0
    e10: 0
    e11: 1
    e12: 0
    e13: 0
    e20: 0
    e21: 0
    e22: 1
    e23: 0
    e30: 0
    e31: 0
    e32: 0
    e33: 1
--- !u!4 &1990360494 stripped
Transform:
  m_CorrespondingSourceObject: {fileID: 2000049766099845005, guid: ac4eb8f4ef03225429a069cdc5bce6a9,
    type: 3}
  m_PrefabInstance: {fileID: 2000049764864459299}
  m_PrefabAsset: {fileID: 0}
--- !u!1 &2030895229 stripped
GameObject:
  m_CorrespondingSourceObject: {fileID: 4541109996392748309, guid: 126cd69015f36bb45aba63bba0a448e1,
    type: 3}
  m_PrefabInstance: {fileID: 1236270695}
  m_PrefabAsset: {fileID: 0}
--- !u!1001 &2000049764864459299
PrefabInstance:
  m_ObjectHideFlags: 0
  serializedVersion: 2
  m_Modification:
    m_TransformParent: {fileID: 963194228}
    m_Modifications:
    - target: {fileID: 2000049766099845005, guid: ac4eb8f4ef03225429a069cdc5bce6a9,
        type: 3}
      propertyPath: m_RootOrder
      value: 1
      objectReference: {fileID: 0}
    - target: {fileID: 2000049766099845005, guid: ac4eb8f4ef03225429a069cdc5bce6a9,
        type: 3}
      propertyPath: m_LocalPosition.x
      value: -27.17
      objectReference: {fileID: 0}
    - target: {fileID: 2000049766099845005, guid: ac4eb8f4ef03225429a069cdc5bce6a9,
        type: 3}
      propertyPath: m_LocalPosition.y
      value: 0
      objectReference: {fileID: 0}
    - target: {fileID: 2000049766099845005, guid: ac4eb8f4ef03225429a069cdc5bce6a9,
        type: 3}
      propertyPath: m_LocalPosition.z
      value: 10
      objectReference: {fileID: 0}
    - target: {fileID: 2000049766099845005, guid: ac4eb8f4ef03225429a069cdc5bce6a9,
        type: 3}
      propertyPath: m_LocalRotation.w
      value: 1
      objectReference: {fileID: 0}
    - target: {fileID: 2000049766099845005, guid: ac4eb8f4ef03225429a069cdc5bce6a9,
        type: 3}
      propertyPath: m_LocalRotation.x
      value: -0
      objectReference: {fileID: 0}
    - target: {fileID: 2000049766099845005, guid: ac4eb8f4ef03225429a069cdc5bce6a9,
        type: 3}
      propertyPath: m_LocalRotation.y
      value: -0
      objectReference: {fileID: 0}
    - target: {fileID: 2000049766099845005, guid: ac4eb8f4ef03225429a069cdc5bce6a9,
        type: 3}
      propertyPath: m_LocalRotation.z
      value: -0
      objectReference: {fileID: 0}
    - target: {fileID: 2000049766099845005, guid: ac4eb8f4ef03225429a069cdc5bce6a9,
        type: 3}
      propertyPath: m_LocalEulerAnglesHint.x
      value: 0
      objectReference: {fileID: 0}
    - target: {fileID: 2000049766099845005, guid: ac4eb8f4ef03225429a069cdc5bce6a9,
        type: 3}
      propertyPath: m_LocalEulerAnglesHint.y
      value: 0
      objectReference: {fileID: 0}
    - target: {fileID: 2000049766099845005, guid: ac4eb8f4ef03225429a069cdc5bce6a9,
        type: 3}
      propertyPath: m_LocalEulerAnglesHint.z
      value: 0
      objectReference: {fileID: 0}
    - target: {fileID: 2000049766099845007, guid: ac4eb8f4ef03225429a069cdc5bce6a9,
        type: 3}
      propertyPath: m_Name
      value: Destroyer
      objectReference: {fileID: 0}
    m_RemovedComponents: []
  m_SourcePrefab: {fileID: 100100000, guid: ac4eb8f4ef03225429a069cdc5bce6a9, type: 3}
