%YAML 1.1
%TAG !u! tag:unity3d.com,2011:
--- !u!1 &8557077431324141063
GameObject:
  m_ObjectHideFlags: 0
  m_CorrespondingSourceObject: {fileID: 0}
  m_PrefabInstance: {fileID: 0}
  m_PrefabAsset: {fileID: 0}
  serializedVersion: 6
  m_Component:
  - component: {fileID: 8557077431324141062}
  - component: {fileID: 8557077431324141081}
  - component: {fileID: 7561429981306252722}
  - component: {fileID: 5397049148522094732}
  m_Layer: 0
  m_Name: Alt-hareketli-su
  m_TagString: Obstacle
  m_Icon: {fileID: 0}
  m_NavMeshLayer: 0
  m_StaticEditorFlags: 0
  m_IsActive: 0
--- !u!4 &8557077431324141062
Transform:
  m_ObjectHideFlags: 0
  m_CorrespondingSourceObject: {fileID: 0}
  m_PrefabInstance: {fileID: 0}
  m_PrefabAsset: {fileID: 0}
  m_GameObject: {fileID: 8557077431324141063}
  m_LocalRotation: {x: -0, y: -0, z: -0, w: 1}
  m_LocalPosition: {x: -0.08, y: 9.96, z: 0}
  m_LocalScale: {x: 1, y: 1, z: 1}
  m_Children: []
  m_Father: {fileID: 8557077432801714685}
  m_RootOrder: 0
  m_LocalEulerAnglesHint: {x: 0, y: 0, z: 0}
--- !u!212 &8557077431324141081
SpriteRenderer:
  m_ObjectHideFlags: 0
  m_CorrespondingSourceObject: {fileID: 0}
  m_PrefabInstance: {fileID: 0}
  m_PrefabAsset: {fileID: 0}
  m_GameObject: {fileID: 8557077431324141063}
  m_Enabled: 1
  m_CastShadows: 0
  m_ReceiveShadows: 0
  m_DynamicOccludee: 1
  m_MotionVectors: 1
  m_LightProbeUsage: 1
  m_ReflectionProbeUsage: 1
  m_RayTracingMode: 0
  m_RenderingLayerMask: 1
  m_RendererPriority: 0
  m_Materials:
  - {fileID: 10754, guid: 0000000000000000f000000000000000, type: 0}
  m_StaticBatchInfo:
    firstSubMesh: 0
    subMeshCount: 0
  m_StaticBatchRoot: {fileID: 0}
  m_ProbeAnchor: {fileID: 0}
  m_LightProbeVolumeOverride: {fileID: 0}
  m_ScaleInLightmap: 1
  m_ReceiveGI: 1
  m_PreserveUVs: 0
  m_IgnoreNormalsForChartDetection: 0
  m_ImportantGI: 0
  m_StitchLightmapSeams: 1
  m_SelectedEditorRenderState: 0
  m_MinimumChartSize: 4
  m_AutoUVMaxDistance: 0.5
  m_AutoUVMaxAngle: 89
  m_LightmapParameters: {fileID: 0}
  m_SortingLayerID: 0
  m_SortingLayer: 0
  m_SortingOrder: 0
  m_Sprite: {fileID: 21300000, guid: 34c28075502eebd4b85ec9b114cbb2ea, type: 3}
  m_Color: {r: 1, g: 1, b: 1, a: 1}
  m_FlipX: 0
  m_FlipY: 0
  m_DrawMode: 0
  m_Size: {x: 9.55, y: 12.35}
  m_AdaptiveModeThreshold: 0.5
  m_SpriteTileMode: 0
  m_WasSpriteAssigned: 0
  m_MaskInteraction: 0
  m_SpriteSortPoint: 0
--- !u!95 &7561429981306252722
Animator:
  serializedVersion: 3
  m_ObjectHideFlags: 0
  m_CorrespondingSourceObject: {fileID: 0}
  m_PrefabInstance: {fileID: 0}
  m_PrefabAsset: {fileID: 0}
  m_GameObject: {fileID: 8557077431324141063}
  m_Enabled: 1
  m_Avatar: {fileID: 0}
  m_Controller: {fileID: 0}
  m_CullingMode: 0
  m_UpdateMode: 0
  m_ApplyRootMotion: 0
  m_LinearVelocityBlending: 0
  m_WarningMessage: 
  m_HasTransformHierarchy: 1
  m_AllowConstantClipSamplingOptimization: 1
  m_KeepAnimatorControllerStateOnDisable: 0
--- !u!61 &5397049148522094732
BoxCollider2D:
  m_ObjectHideFlags: 0
  m_CorrespondingSourceObject: {fileID: 0}
  m_PrefabInstance: {fileID: 0}
  m_PrefabAsset: {fileID: 0}
  m_GameObject: {fileID: 8557077431324141063}
  m_Enabled: 1
  m_Density: 1
  m_Material: {fileID: 0}
  m_IsTrigger: 0
  m_UsedByEffector: 0
  m_UsedByComposite: 0
  m_Offset: {x: 0, y: 0}
  m_SpriteTilingProperty:
    border: {x: 0, y: 0, z: 0, w: 0}
    pivot: {x: 0.5, y: 0.5}
    oldSize: {x: 9.55, y: 12.35}
    newSize: {x: 9.55, y: 12.35}
    adaptiveTilingThreshold: 0.5
    drawMode: 0
    adaptiveTiling: 0
  m_AutoTiling: 0
  serializedVersion: 2
  m_Size: {x: 9.55, y: 12.35}
  m_EdgeRadius: 0
--- !u!1 &8557077432801714680
GameObject:
  m_ObjectHideFlags: 0
  m_CorrespondingSourceObject: {fileID: 0}
  m_PrefabInstance: {fileID: 0}
  m_PrefabAsset: {fileID: 0}
  serializedVersion: 6
  m_Component:
  - component: {fileID: 8557077432801714685}
  - component: {fileID: 8557077432801714682}
  - component: {fileID: 281208999459155586}
  m_Layer: 0
  m_Name: Bottom 3
  m_TagString: Obstacle
  m_Icon: {fileID: 0}
  m_NavMeshLayer: 0
  m_StaticEditorFlags: 0
  m_IsActive: 1
--- !u!4 &8557077432801714685
Transform:
  m_ObjectHideFlags: 0
  m_CorrespondingSourceObject: {fileID: 0}
  m_PrefabInstance: {fileID: 0}
  m_PrefabAsset: {fileID: 0}
  m_GameObject: {fileID: 8557077432801714680}
  m_LocalRotation: {x: 0, y: 0, z: 0, w: 1}
  m_LocalPosition: {x: 0, y: -4.45, z: 0}
  m_LocalScale: {x: 1, y: 1, z: 1}
  m_Children:
  - {fileID: 8557077431324141062}
  m_Father: {fileID: 0}
  m_RootOrder: 0
  m_LocalEulerAnglesHint: {x: 0, y: 0, z: 0}
--- !u!212 &8557077432801714682
SpriteRenderer:
  m_ObjectHideFlags: 0
  m_CorrespondingSourceObject: {fileID: 0}
  m_PrefabInstance: {fileID: 0}
  m_PrefabAsset: {fileID: 0}
  m_GameObject: {fileID: 8557077432801714680}
  m_Enabled: 1
  m_CastShadows: 0
  m_ReceiveShadows: 0
  m_DynamicOccludee: 1
  m_MotionVectors: 1
  m_LightProbeUsage: 1
  m_ReflectionProbeUsage: 1
  m_RayTracingMode: 0
  m_RenderingLayerMask: 1
  m_RendererPriority: 0
  m_Materials:
  - {fileID: 10754, guid: 0000000000000000f000000000000000, type: 0}
  m_StaticBatchInfo:
    firstSubMesh: 0
    subMeshCount: 0
  m_StaticBatchRoot: {fileID: 0}
  m_ProbeAnchor: {fileID: 0}
  m_LightProbeVolumeOverride: {fileID: 0}
  m_ScaleInLightmap: 1
  m_ReceiveGI: 1
  m_PreserveUVs: 0
  m_IgnoreNormalsForChartDetection: 0
  m_ImportantGI: 0
  m_StitchLightmapSeams: 1
  m_SelectedEditorRenderState: 0
  m_MinimumChartSize: 4
  m_AutoUVMaxDistance: 0.5
  m_AutoUVMaxAngle: 89
  m_LightmapParameters: {fileID: 0}
  m_SortingLayerID: 0
  m_SortingLayer: 0
  m_SortingOrder: 0
  m_Sprite: {fileID: 21300000, guid: 28e200b6802ad21489d2ce55b6608bf1, type: 3}
  m_Color: {r: 1, g: 1, b: 1, a: 1}
  m_FlipX: 0
  m_FlipY: 0
  m_DrawMode: 0
  m_Size: {x: 5.13, y: 9.12}
  m_AdaptiveModeThreshold: 0.5
  m_SpriteTileMode: 0
  m_WasSpriteAssigned: 1
  m_MaskInteraction: 0
  m_SpriteSortPoint: 0
--- !u!60 &281208999459155586
PolygonCollider2D:
  m_ObjectHideFlags: 0
  m_CorrespondingSourceObject: {fileID: 0}
  m_PrefabInstance: {fileID: 0}
  m_PrefabAsset: {fileID: 0}
  m_GameObject: {fileID: 8557077432801714680}
  m_Enabled: 1
  m_Density: 1
  m_Material: {fileID: 0}
  m_IsTrigger: 0
  m_UsedByEffector: 0
  m_UsedByComposite: 0
  m_Offset: {x: 0, y: 0}
  m_SpriteTilingProperty:
    border: {x: 0, y: 0, z: 0, w: 0}
    pivot: {x: 0.5, y: 0.5}
    oldSize: {x: 4.278549, y: 6.051429}
    newSize: {x: 5.13, y: 9.12}
    adaptiveTilingThreshold: 0.5
    drawMode: 0
    adaptiveTiling: 0
  m_AutoTiling: 0
  m_Points:
    m_Paths:
    - - {x: -0.46981308, y: -3.0138953}
      - {x: -0.43731028, y: -2.9991212}
      - {x: -0.4107171, y: -2.9666183}
      - {x: -0.3959431, y: -2.9341156}
      - {x: -0.39003348, y: -2.9163868}
      - {x: -0.3723047, y: -2.8572907}
      - {x: -0.3634403, y: -2.824788}
      - {x: -0.35162112, y: -2.7922852}
      - {x: -0.34275672, y: -2.7450085}
      - {x: -0.29843473, y: -2.5677204}
      - {x: -0.27775112, y: -2.4761217}
      - {x: -0.26593193, y: -2.4170258}
      - {x: -0.25706753, y: -2.3933873}
      - {x: -0.24820313, y: -2.3638394}
      - {x: -0.24820313, y: -2.3313365}
      - {x: -0.24229354, y: -2.3017886}
      - {x: -0.21570034, y: -2.162913}
      - {x: -0.19501674, y: -2.0417662}
      - {x: -0.17137836, y: -1.8792523}
      - {x: -0.16842355, y: -1.855614}
      - {x: -0.16251396, y: -1.8112919}
      - {x: -0.15660436, y: -1.7640151}
      - {x: -0.14478517, y: -1.6635519}
      - {x: -0.13887556, y: -1.6103656}
      - {x: -0.13296597, y: -1.5483148}
      - {x: -0.13001117, y: -1.515812}
      - {x: -0.124101564, y: -1.4448968}
      - {x: -0.11819197, y: -1.382846}
      - {x: -0.088643976, y: -1.3562528}
      - {x: -0.08568918, y: -1.3503432}
      - {x: -0.11228237, y: -1.3267049}
      - {x: -0.11228237, y: -1.2764733}
      - {x: -0.10932757, y: -1.2232869}
      - {x: -0.10637277, y: -1.1582813}
      - {x: -0.10637277, y: -1.0666825}
      - {x: -0.10341797, y: -1.0637277}
      - {x: -0.10341797, y: -0.94849056}
      - {x: -0.100463174, y: -0.9455358}
      - {x: -0.100463174, y: 0.094553575}
      - {x: -0.09750837, y: 0.094553575}
      - {x: -0.09159878, y: 0.13296597}
      - {x: -0.09750837, y: 0.14183035}
      - {x: -0.094553575, y: 0.21570034}
      - {x: -0.094553575, y: 0.29547992}
      - {x: -0.09159878, y: 0.29843473}
      - {x: -0.088643976, y: 0.36639512}
      - {x: -0.08568918, y: 0.42253628}
      - {x: -0.082734376, y: 0.46981308}
      - {x: -0.07977958, y: 0.5200447}
      - {x: -0.07386998, y: 0.5939146}
      - {x: -0.06796038, y: 0.6589202}
      - {x: -0.065005586, y: 0.6884682}
      - {x: -0.056141187, y: 0.7682478}
      - {x: -0.050231587, y: 0.8155246}
      - {x: -0.041367188, y: 0.8302986}
      - {x: -0.044321988, y: 0.8421178}
      - {x: -0.03841239, y: 0.90121377}
      - {x: -0.032502793, y: 0.93962616}
      - {x: -0.011819197, y: 1.0666825}
      - {x: 0.0029547992, y: 1.1405525}
      - {x: 0.014773997, y: 1.1553265}
      - {x: 0.029547993, y: 1.1730553}
      - {x: 0.07091518, y: 1.220332}
      - {x: 0.094553575, y: 1.2498801}
      - {x: 0.10932757, y: 1.2676089}
      - {x: 0.11228237, y: 1.279428}
      - {x: 0.09750837, y: 1.2942021}
      - {x: 0.07091518, y: 1.3148856}
      - {x: 0.041367188, y: 1.3355693}
      - {x: 0.047276787, y: 1.3562528}
      - {x: 0.056141187, y: 1.4153488}
      - {x: 0.07386998, y: 1.5039928}
      - {x: 0.088643976, y: 1.5512695}
      - {x: 0.14478517, y: 1.7226479}
      - {x: 0.14478517, y: 1.7344671}
      - {x: 0.11819197, y: 1.7669699}
      - {x: 0.12705636, y: 1.8290207}
      - {x: 0.13296597, y: 1.8792523}
      - {x: 0.13887556, y: 1.9324387}
      - {x: 0.14183035, y: 1.9649415}
      - {x: 0.14773996, y: 2.0417662}
      - {x: 0.14773996, y: 2.1156363}
      - {x: 0.15069476, y: 2.118591}
      - {x: 0.15364955, y: 2.1363199}
      - {x: 0.20092635, y: 2.118591}
      - {x: 0.2925251, y: 2.0801787}
      - {x: 0.3250279, y: 2.0654047}
      - {x: 0.3486663, y: 2.0565403}
      - {x: 0.3604855, y: 2.06245}
      - {x: 0.34275672, y: 2.0388114}
      - {x: 0.3398019, y: 2.018128}
      - {x: 0.41367188, y: 1.9531223}
      - {x: 0.47867748, y: 1.8881167}
      - {x: 0.5023159, y: 1.8910716}
      - {x: 0.5200447, y: 1.8999358}
      - {x: 0.59686947, y: 1.9235743}
      - {x: 0.5939146, y: 1.9147099}
      - {x: 0.54663783, y: 1.8378851}
      - {x: 0.54663783, y: 1.8319755}
      - {x: 0.56141186, y: 1.8112919}
      - {x: 0.6057338, y: 1.7610604}
      - {x: 0.61755306, y: 1.7610604}
      - {x: 0.632327, y: 1.7669699}
      - {x: 0.6796038, y: 1.7935631}
      - {x: 0.7002874, y: 1.8053824}
      - {x: 0.7150614, y: 1.8142468}
      - {x: 0.7268806, y: 1.8142468}
      - {x: 0.7091518, y: 1.7403767}
      - {x: 0.706197, y: 1.7167383}
      - {x: 0.7446094, y: 1.678326}
      - {x: 0.7977958, y: 1.6280943}
      - {x: 0.8214342, y: 1.6074108}
      - {x: 0.824389, y: 1.6074108}
      - {x: 0.8805302, y: 1.6635519}
      - {x: 0.9189426, y: 1.6931}
      - {x: 0.91007817, y: 1.648778}
      - {x: 0.89530414, y: 1.5719532}
      - {x: 0.89234936, y: 1.54536}
      - {x: 0.9632645, y: 1.4744449}
      - {x: 0.9632645, y: 1.47149}
      - {x: 1.0341797, y: 1.4005748}
      - {x: 1.0341797, y: 1.3976201}
      - {x: 1.1789649, y: 1.2498801}
      - {x: 1.1878293, y: 1.2528349}
      - {x: 1.1878293, y: 1.3326144}
      - {x: 1.1848745, y: 1.3798913}
      - {x: 1.1789649, y: 1.4478517}
      - {x: 1.1701005, y: 1.5187668}
      - {x: 1.1582813, y: 1.589682}
      - {x: 1.1464621, y: 1.6635519}
      - {x: 1.1375977, y: 1.6871903}
      - {x: 1.1228237, y: 1.7403767}
      - {x: 1.1050949, y: 1.796518}
      - {x: 1.0844113, y: 1.8497043}
      - {x: 1.0578182, y: 1.9088002}
      - {x: 1.0519085, y: 1.9235743}
      - {x: 1.031225, y: 1.9619867}
      - {x: 1.0134962, y: 1.9915347}
      - {x: 0.98985773, y: 2.0269923}
      - {x: 0.94849056, y: 2.0801787}
      - {x: 0.86575615, y: 2.1599581}
      - {x: 0.84802735, y: 2.1747322}
      - {x: 0.82734376, y: 2.192461}
      - {x: 0.7918862, y: 2.2160995}
      - {x: 0.7623382, y: 2.2338283}
      - {x: 0.7002874, y: 2.2633762}
      - {x: 0.70324224, y: 2.2633762}
      - {x: 0.7830218, y: 2.2426927}
      - {x: 0.8155246, y: 2.2338283}
      - {x: 0.839163, y: 2.2279186}
      - {x: 0.8716658, y: 2.2160995}
      - {x: 0.90121377, y: 2.222009}
      - {x: 0.93962616, y: 2.2633762}
      - {x: 0.97803855, y: 2.2988338}
      - {x: 1.0194057, y: 2.3372462}
      - {x: 1.0253153, y: 2.3313365}
      - {x: 1.0194057, y: 2.2840598}
      - {x: 1.0134962, y: 2.2397377}
      - {x: 1.0105413, y: 2.2160995}
      - {x: 1.0105413, y: 2.192461}
      - {x: 1.0253153, y: 2.180642}
      - {x: 1.1110045, y: 2.148139}
      - {x: 1.1287333, y: 2.1451843}
      - {x: 1.2351061, y: 2.3047433}
      - {x: 1.2351061, y: 2.295879}
      - {x: 1.2469252, y: 2.2486022}
      - {x: 1.2705637, y: 2.162913}
      - {x: 1.2764733, y: 2.148139}
      - {x: 1.2971568, y: 2.1422293}
      - {x: 1.3562528, y: 2.1274555}
      - {x: 1.4655805, y: 2.0979075}
      - {x: 1.4744449, y: 2.0979075}
      - {x: 1.4833091, y: 2.106772}
      - {x: 1.5276312, y: 2.2456474}
      - {x: 1.5364956, y: 2.281105}
      - {x: 1.5601339, y: 2.2160995}
      - {x: 1.5778627, y: 2.148139}
      - {x: 1.604456, y: 2.074269}
      - {x: 1.6103656, y: 2.0654047}
      - {x: 1.6428684, y: 2.0506306}
      - {x: 1.7315123, y: 2.0269923}
      - {x: 1.8969811, y: 1.9738059}
      - {x: 2.0388114, y: 1.9294839}
      - {x: 2.1126814, y: 1.9058455}
      - {x: 2.133365, y: 1.8999358}
      - {x: 2.1392746, y: 1.9028907}
      - {x: 2.1392746, y: 1.9147099}
      - {x: 2.133365, y: 1.9294839}
      - {x: 2.1215458, y: 1.9442579}
      - {x: 2.0890431, y: 1.9974443}
      - {x: 2.059495, y: 2.0447211}
      - {x: 2.0092635, y: 2.118591}
      - {x: 1.9885799, y: 2.148139}
      - {x: 1.9560771, y: 2.1895063}
      - {x: 1.8881167, y: 2.2751954}
      - {x: 1.8497043, y: 2.3195174}
      - {x: 1.823111, y: 2.3490653}
      - {x: 1.7167383, y: 2.4554381}
      - {x: 1.6369587, y: 2.5263534}
      - {x: 1.6133204, y: 2.5440822}
      - {x: 1.5689983, y: 2.5765848}
      - {x: 1.5246764, y: 2.606133}
      - {x: 1.4951284, y: 2.6238618}
      - {x: 1.441942, y: 2.6534097}
      - {x: 1.4035296, y: 2.6711385}
      - {x: 1.3710269, y: 2.6859124}
      - {x: 1.3355693, y: 2.7006865}
      - {x: 1.2351061, y: 2.736144}
      - {x: 1.1405525, y: 2.7538729}
      - {x: 1.0991853, y: 2.7597826}
      - {x: 1.0696373, y: 2.7627373}
      - {x: 1.0194057, y: 2.765692}
      - {x: 0.9544001, y: 2.765692}
      - {x: 0.90416855, y: 2.7627373}
      - {x: 0.87462056, y: 2.7597826}
      - {x: 0.8302986, y: 2.7538729}
      - {x: 0.794841, y: 2.7479632}
      - {x: 0.765293, y: 2.7450085}
      - {x: 0.7298354, y: 2.7331893}
      - {x: 0.6973326, y: 2.724325}
      - {x: 0.63823664, y: 2.7065961}
      - {x: 0.59686947, y: 2.691822}
      - {x: 0.52595425, y: 2.6622741}
      - {x: 0.49345148, y: 2.6475}
      - {x: 0.3929883, y: 2.5972686}
      - {x: 0.33389232, y: 2.561811}
      - {x: 0.30138952, y: 2.5411274}
      - {x: 0.25706753, y: 2.5115793}
      - {x: 0.21570034, y: 2.4820313}
      - {x: 0.19206195, y: 2.4643025}
      - {x: 0.14183035, y: 2.4229352}
      - {x: 0.082734376, y: 2.3727038}
      - {x: 0.053186387, y: 2.3461106}
      - {x: 0.047276787, y: 2.3490653}
      - {x: 0.088643976, y: 2.4111161}
      - {x: 0.11523717, y: 2.4495285}
      - {x: 0.13592076, y: 2.4761217}
      - {x: 0.16546875, y: 2.5115793}
      - {x: 0.20092635, y: 2.5529466}
      - {x: 0.20092635, y: 2.558856}
      - {x: 0.20092635, y: 2.5529466}
      - {x: 0.21570034, y: 2.5411274}
      - {x: 0.22456475, y: 2.5411274}
      - {x: 0.24524833, y: 2.5499916}
      - {x: 0.2925251, y: 2.5765848}
      - {x: 0.31320873, y: 2.5884042}
      - {x: 0.3457115, y: 2.6090877}
      - {x: 0.3545759, y: 2.6859124}
      - {x: 0.3752595, y: 2.6593194}
      - {x: 0.3929883, y: 2.6415906}
      - {x: 0.3988979, y: 2.6415906}
      - {x: 0.4343555, y: 2.6563644}
      - {x: 0.4639035, y: 2.6711385}
      - {x: 0.4639035, y: 2.6859124}
      - {x: 0.45799387, y: 2.7125056}
      - {x: 0.44617468, y: 2.7627373}
      - {x: 0.46981308, y: 2.7450085}
      - {x: 0.50527066, y: 2.7272797}
      - {x: 0.51413506, y: 2.7272797}
      - {x: 0.57027626, y: 2.7568276}
      - {x: 0.6057338, y: 2.7775114}
      - {x: 0.6145982, y: 2.7893305}
      - {x: 0.6057338, y: 2.812969}
      - {x: 0.58800507, y: 2.8572907}
      - {x: 0.62641746, y: 2.8366072}
      - {x: 0.66778463, y: 2.8188784}
      - {x: 0.93076175, y: 2.9488897}
      - {x: 0.94258094, y: 2.9607089}
      - {x: 0.9455358, y: 2.9666183}
      - {x: 0.92485213, y: 2.9784377}
      - {x: 0.8893946, y: 2.984347}
      - {x: 0.86575615, y: 2.9902568}
      - {x: 0.7859766, y: 3.0079856}
      - {x: 0.7150614, y: 3.0198047}
      - {x: 0.6589202, y: 3.0257144}
      - {x: 0.49049667, y: 3.0257144}
      - {x: 0.44617468, y: 3.0198047}
      - {x: 0.41367188, y: 3.0138953}
      - {x: 0.36639512, y: 3.002076}
      - {x: 0.33389232, y: 2.9902568}
      - {x: 0.30434433, y: 2.9784377}
      - {x: 0.23933874, y: 2.9459348}
      - {x: 0.21274555, y: 2.928206}
      - {x: 0.18910715, y: 2.9075224}
      - {x: 0.13592076, y: 2.8572907}
      - {x: 0.11819197, y: 2.8366072}
      - {x: 0.09750837, y: 2.810014}
      - {x: 0.07091518, y: 2.7716017}
      - {x: 0.03545759, y: 2.7006865}
      - {x: 0.014773997, y: 2.6475}
      - {x: 0.0059095984, y: 2.617952}
      - {x: -0.0029547992, y: 2.5854492}
      - {x: -0.014773997, y: 2.5352178}
      - {x: -0.020683594, y: 2.4997602}
      - {x: -0.026593193, y: 2.4583929}
      - {x: -0.029547993, y: 2.4317997}
      - {x: -0.032502793, y: 2.4377093}
      - {x: -0.03841239, y: 2.487941}
      - {x: -0.044321988, y: 2.5233986}
      - {x: -0.056141187, y: 2.57363}
      - {x: -0.065005586, y: 2.603178}
      - {x: -0.07977958, y: 2.6445453}
      - {x: -0.11523717, y: 2.72137}
      - {x: -0.13592076, y: 2.7538729}
      - {x: -0.15364955, y: 2.7775114}
      - {x: -0.20092635, y: 2.824788}
      - {x: -0.24229354, y: 2.8602457}
      - {x: -0.26593193, y: 2.8750196}
      - {x: -0.3368471, y: 2.9075224}
      - {x: -0.3723047, y: 2.9193416}
      - {x: -0.3959431, y: 2.9252512}
      - {x: -0.43731028, y: 2.9341156}
      - {x: -0.46094868, y: 2.9370704}
      - {x: -0.49345148, y: 2.9400253}
      - {x: -0.59095985, y: 2.9400253}
      - {x: -0.62641746, y: 2.9370704}
      - {x: -0.6530106, y: 2.9341156}
      - {x: -0.7091518, y: 2.9252512}
      - {x: -0.78006697, y: 2.9104772}
      - {x: -0.8037054, y: 2.9045677}
      - {x: -0.84507257, y: 2.8927484}
      - {x: -0.85689175, y: 2.883884}
      - {x: -0.853937, y: 2.8750196}
      - {x: -0.66778463, y: 2.7834208}
      - {x: -0.661875, y: 2.7775114}
      - {x: -0.6234626, y: 2.7597826}
      - {x: -0.6145982, y: 2.7597826}
      - {x: -0.5939146, y: 2.768647}
      - {x: -0.55550224, y: 2.7893305}
      - {x: -0.5584571, y: 2.780466}
      - {x: -0.57914066, y: 2.736144}
      - {x: -0.57323104, y: 2.7272797}
      - {x: -0.53186387, y: 2.7036412}
      - {x: -0.49345148, y: 2.6829576}
      - {x: -0.48163226, y: 2.6829576}
      - {x: -0.4402651, y: 2.7006865}
      - {x: -0.45208427, y: 2.650455}
      - {x: -0.45208427, y: 2.635681}
      - {x: -0.3988979, y: 2.6120424}
      - {x: -0.3841239, y: 2.6090877}
      - {x: -0.3545759, y: 2.5854492}
      - {x: -0.3161635, y: 2.561811}
      - {x: -0.25411272, y: 2.5263534}
      - {x: -0.24229354, y: 2.5233986}
      - {x: -0.22160994, y: 2.5263534}
      - {x: -0.15364955, y: 2.443619}
      - {x: -0.10637277, y: 2.3756585}
      - {x: -0.10341797, y: 2.366794}
      - {x: -0.07977958, y: 2.322472}
      - {x: -0.19797155, y: 2.440664}
      - {x: -0.26297712, y: 2.4997602}
      - {x: -0.31320873, y: 2.5381725}
      - {x: -0.3811691, y: 2.5884042}
      - {x: -0.42844588, y: 2.6209068}
      - {x: -0.4727679, y: 2.650455}
      - {x: -0.5289091, y: 2.6829576}
      - {x: -0.6145982, y: 2.724325}
      - {x: -0.661875, y: 2.7450085}
      - {x: -0.7239258, y: 2.768647}
      - {x: -0.7682478, y: 2.7834208}
      - {x: -0.83620816, y: 2.8011496}
      - {x: -0.8805302, y: 2.810014}
      - {x: -0.91598773, y: 2.8159237}
      - {x: -0.96621937, y: 2.8218331}
      - {x: -1.0105413, y: 2.824788}
      - {x: -1.0814565, y: 2.824788}
      - {x: -1.1257786, y: 2.8218331}
      - {x: -1.1730553, y: 2.8159237}
      - {x: -1.2085129, y: 2.810014}
      - {x: -1.2498801, y: 2.8011496}
      - {x: -1.2942021, y: 2.7893305}
      - {x: -1.3148856, y: 2.7834208}
      - {x: -1.3621625, y: 2.765692}
      - {x: -1.3917104, y: 2.7538729}
      - {x: -1.4951284, y: 2.7036412}
      - {x: -1.5335408, y: 2.680003}
      - {x: -1.5867271, y: 2.6445453}
      - {x: -1.6192299, y: 2.6209068}
      - {x: -1.6458231, y: 2.5972686}
      - {x: -1.6842356, y: 2.5647657}
      - {x: -1.7137835, y: 2.5381725}
      - {x: -1.8053824, y: 2.4465737}
      - {x: -1.8319755, y: 2.4170258}
      - {x: -1.8703879, y: 2.3727038}
      - {x: -1.9353935, y: 2.2899694}
      - {x: -1.9531223, y: 2.266331}
      - {x: -1.9738059, y: 2.2397377}
      - {x: -1.9944894, y: 2.2101898}
      - {x: -2.0063086, y: 2.192461}
      - {x: -2.0654047, y: 2.1008623}
      - {x: -2.1245008, y: 2.000399}
      - {x: -2.1392746, y: 1.9678962}
      - {x: -2.1363199, y: 1.9590319}
      - {x: -2.1126814, y: 1.9619867}
      - {x: -2.0240374, y: 1.9915347}
      - {x: -1.7256027, y: 2.0949526}
      - {x: -1.648778, y: 2.1215458}
      - {x: -1.634004, y: 2.1274555}
      - {x: -1.6280943, y: 2.1422293}
      - {x: -1.6103656, y: 2.192461}
      - {x: -1.574908, y: 2.322472}
      - {x: -1.5689983, y: 2.3461106}
      - {x: -1.5660436, y: 2.3283818}
      - {x: -1.5601339, y: 2.3076982}
      - {x: -1.54536, y: 2.2574666}
      - {x: -1.5187668, y: 2.1717775}
      - {x: -1.5099024, y: 2.1570034}
      - {x: -1.4892188, y: 2.1599581}
      - {x: -1.32375, y: 2.207235}
      - {x: -1.3178405, y: 2.2101898}
      - {x: -1.3030665, y: 2.251557}
      - {x: -1.2823828, y: 2.3490653}
      - {x: -1.2616993, y: 2.3283818}
      - {x: -1.2469252, y: 2.3047433}
      - {x: -1.1966937, y: 2.224964}
      - {x: -1.1819197, y: 2.2013254}
      - {x: -1.1553265, y: 2.207235}
      - {x: -1.1050949, y: 2.2308733}
      - {x: -1.0755469, y: 2.2426927}
      - {x: -1.0637277, y: 2.2486022}
      - {x: -1.0666825, y: 2.295879}
      - {x: -1.0755469, y: 2.3431559}
      - {x: -1.0814565, y: 2.3904326}
      - {x: -1.0844113, y: 2.4052067}
      - {x: -0.99872214, y: 2.3195174}
      - {x: -0.9544001, y: 2.27815}
      - {x: -0.94258094, y: 2.27815}
      - {x: -0.898259, y: 2.2899694}
      - {x: -0.7268806, y: 2.3372462}
      - {x: -0.7180162, y: 2.3461106}
      - {x: -0.7180162, y: 2.3815682}
      - {x: -0.720971, y: 2.4170258}
      - {x: -0.7180162, y: 2.4140708}
      - {x: -0.706197, y: 2.3933873}
      - {x: -0.69437784, y: 2.384523}
      - {x: -0.63823664, y: 2.3815682}
      - {x: -0.59686947, y: 2.3786135}
      - {x: -0.5584571, y: 2.3756585}
      - {x: -0.52595425, y: 2.3727038}
      - {x: -0.4727679, y: 2.366794}
      - {x: -0.4107171, y: 2.3579297}
      - {x: -0.3723047, y: 2.3520203}
      - {x: -0.34275672, y: 2.3461106}
      - {x: -0.26002234, y: 2.3283818}
      - {x: -0.19501674, y: 2.310653}
      - {x: -0.15069476, y: 2.295879}
      - {x: -0.12114677, y: 2.2840598}
      - {x: -0.14478517, y: 2.2899694}
      - {x: -0.21274555, y: 2.3047433}
      - {x: -0.26297712, y: 2.3136077}
      - {x: -0.2836607, y: 2.3165627}
      - {x: -0.3309375, y: 2.322472}
      - {x: -0.3634403, y: 2.325427}
      - {x: -0.4107171, y: 2.3283818}
      - {x: -0.49049667, y: 2.3283818}
      - {x: -0.53777343, y: 2.325427}
      - {x: -0.5673214, y: 2.322472}
      - {x: -0.58800507, y: 2.3195174}
      - {x: -0.6411914, y: 2.310653}
      - {x: -0.7002874, y: 2.295879}
      - {x: -0.7564286, y: 2.27815}
      - {x: -0.78006697, y: 2.2692857}
      - {x: -0.84507257, y: 2.2397377}
      - {x: -0.8805302, y: 2.2190542}
      - {x: -0.92485213, y: 2.1895063}
      - {x: -0.96621937, y: 2.1540487}
      - {x: -1.0341797, y: 2.0860882}
      - {x: -1.0489538, y: 2.0683594}
      - {x: -1.0725921, y: 2.0417662}
      - {x: -1.0873661, y: 2.0210826}
      - {x: -1.1110045, y: 1.985625}
      - {x: -1.1375977, y: 1.9383483}
      - {x: -1.1641909, y: 1.8822072}
      - {x: -1.1819197, y: 1.8408399}
      - {x: -1.2055581, y: 1.7758343}
      - {x: -1.2291964, y: 1.7049191}
      - {x: -1.2469252, y: 1.6162752}
      - {x: -1.2557896, y: 1.5689983}
      - {x: -1.264654, y: 1.5128572}
      - {x: -1.2735184, y: 1.4389873}
      - {x: -1.2764733, y: 1.4064845}
      - {x: -1.279428, y: 1.368072}
      - {x: -1.2823828, y: 1.3148856}
      - {x: -1.2823828, y: 1.2498801}
      - {x: -1.2735184, y: 1.2469252}
      - {x: -1.2469252, y: 1.2735184}
      - {x: -1.1789649, y: 1.3444337}
      - {x: -1.1789649, y: 1.3473884}
      - {x: -1.1080498, y: 1.4183036}
      - {x: -1.0400894, y: 1.4892188}
      - {x: -0.98690295, y: 1.54536}
      - {x: -0.98690295, y: 1.5630888}
      - {x: -0.98985773, y: 1.5808176}
      - {x: -0.99576735, y: 1.6103656}
      - {x: -1.0075865, y: 1.6842356}
      - {x: -1.0164509, y: 1.7049191}
      - {x: -0.94258094, y: 1.634004}
      - {x: -0.94258094, y: 1.6310492}
      - {x: -0.92189735, y: 1.6103656}
      - {x: -0.91303295, y: 1.6103656}
      - {x: -0.90416855, y: 1.6133204}
      - {x: -0.8007506, y: 1.7167383}
      - {x: -0.8007506, y: 1.7315123}
      - {x: -0.80961496, y: 1.7699248}
      - {x: -0.81847936, y: 1.8053824}
      - {x: -0.81847936, y: 1.8201563}
      - {x: -0.7416546, y: 1.7758343}
      - {x: -0.7121066, y: 1.7610604}
      - {x: -0.7002874, y: 1.7610604}
      - {x: -0.6500558, y: 1.8172015}
      - {x: -0.6411914, y: 1.8319755}
      - {x: -0.6411914, y: 1.8378851}
      - {x: -0.6500558, y: 1.855614}
      - {x: -0.6884682, y: 1.9117551}
      - {x: -0.7002874, y: 1.926529}
      - {x: -0.5850502, y: 1.8910716}
      - {x: -0.57323104, y: 1.8910716}
      - {x: -0.48458707, y: 1.9767606}
      - {x: -0.48163226, y: 1.9767606}
      - {x: -0.4343555, y: 2.0240374}
      - {x: -0.43731028, y: 2.0329018}
      - {x: -0.45799387, y: 2.0654047}
      - {x: -0.43731028, y: 2.0565403}
      - {x: -0.3929883, y: 2.0772238}
      - {x: -0.36639512, y: 2.0831335}
      - {x: -0.3929883, y: 2.0476758}
      - {x: -0.4166267, y: 1.9944894}
      - {x: -0.42844588, y: 1.9590319}
      - {x: -0.4343555, y: 1.9353935}
      - {x: -0.44321987, y: 1.8910716}
      - {x: -0.44617468, y: 1.8674331}
      - {x: -0.4491295, y: 1.7906083}
      - {x: -0.44321987, y: 1.7846987}
      - {x: -0.31911832, y: 1.7728795}
      - {x: -0.3486663, y: 1.7462864}
      - {x: -0.39003348, y: 1.707874}
      - {x: -0.42844588, y: 1.6724163}
      - {x: -0.4491295, y: 1.6517328}
      - {x: -0.4491295, y: 1.3651172}
      - {x: -0.44321987, y: 1.3562528}
      - {x: -0.3723047, y: 1.3207953}
      - {x: -0.36639512, y: 1.3148856}
      - {x: -0.33389232, y: 1.3001117}
      - {x: -0.33389232, y: 1.2735184}
      - {x: -0.3634403, y: 1.2616993}
      - {x: -0.44321987, y: 1.2321513}
      - {x: -0.45208427, y: 1.2232869}
      - {x: -0.4491295, y: 1.2114676}
      - {x: -0.4018527, y: 1.1316881}
      - {x: -0.3575307, y: 1.0607729}
      - {x: -0.3486663, y: 1.0519085}
      - {x: -0.35162112, y: 1.0282701}
      - {x: -0.3545759, y: 0.98690295}
      - {x: -0.3575307, y: 0.95144534}
      - {x: -0.3634403, y: 0.88643974}
      - {x: -0.3693499, y: 0.824389}
      - {x: -0.3752595, y: 0.7682478}
      - {x: -0.39003348, y: 0.62937224}
      - {x: -0.3959431, y: 0.5761858}
      - {x: -0.4018527, y: 0.52595425}
      - {x: -0.4254911, y: 0.3368471}
      - {x: -0.4402651, y: 0.22456475}
      - {x: -0.45503908, y: 0.11819197}
      - {x: -0.46094868, y: 0.07682478}
      - {x: -0.46685827, y: 0.03841239}
      - {x: -0.46981308, y: 0.017728794}
      - {x: -0.47867748, y: -0.03841239}
      - {x: -0.48458707, y: -0.07977958}
      - {x: -0.49049667, y: -0.11819197}
      - {x: -0.49640626, y: -0.15364955}
      - {x: -0.50527066, y: -0.20979075}
      - {x: -0.51413506, y: -0.26888672}
      - {x: -0.54368305, y: -0.45208427}
      - {x: -0.5495927, y: -0.48754188}
      - {x: -0.55550224, y: -0.5200447}
      - {x: -0.57323104, y: -0.62641746}
      - {x: -0.59095985, y: -0.7268806}
      - {x: -0.6145982, y: -0.868711}
      - {x: -0.6234626, y: -0.9189426}
      - {x: -0.62937224, y: -0.95144534}
      - {x: -0.63528186, y: -0.98690295}
      - {x: -0.6530106, y: -1.0844113}
      - {x: -0.6707394, y: -1.1848745}
      - {x: -0.6825586, y: -1.2498801}
      - {x: -0.691423, y: -1.3030665}
      - {x: -0.6973326, y: -1.3355693}
      - {x: -0.7091518, y: -1.3946652}
      - {x: -0.7239258, y: -1.4655805}
      - {x: -0.7475642, y: -1.5689983}
      - {x: -0.7564286, y: -1.6015012}
      - {x: -0.7771122, y: -1.6842356}
      - {x: -0.8125698, y: -1.796518}
      - {x: -0.853937, y: -1.9117551}
      - {x: -0.85689175, y: -1.9206195}
      - {x: -0.88348496, y: -1.9442579}
      - {x: -0.88348496, y: -1.9531223}
      - {x: -0.87462056, y: -1.9678962}
      - {x: -0.9071234, y: -2.0329018}
      - {x: -0.9071234, y: -2.0388114}
      - {x: -0.9455358, y: -2.106772}
      - {x: -0.96917415, y: -2.1510937}
      - {x: -1.0223606, y: -2.2426927}
      - {x: -1.0459989, y: -2.2840598}
      - {x: -1.1139593, y: -2.384523}
      - {x: -1.1287333, y: -2.4052067}
      - {x: -1.1701005, y: -2.4613478}
      - {x: -1.2055581, y: -2.5027149}
      - {x: -1.2262417, y: -2.5263534}
      - {x: -1.2528349, y: -2.5559013}
      - {x: -1.2823828, y: -2.5884042}
      - {x: -1.3178405, y: -2.6297712}
      - {x: -1.3503432, y: -2.6681838}
      - {x: -1.3739816, y: -2.6947768}
      - {x: -1.4035296, y: -2.736144}
      - {x: -1.4242132, y: -2.768647}
      - {x: -1.4360324, y: -2.7893305}
      - {x: -1.4626256, y: -2.8484263}
      - {x: -1.47149, y: -2.8750196}
      - {x: -1.4773996, y: -2.9075224}
      - {x: -1.4773996, y: -2.9370704}
      - {x: -1.47149, y: -2.9607089}
      - {x: -1.4655805, y: -2.9754827}
      - {x: -1.4508064, y: -2.9932115}
      - {x: -1.4153488, y: -3.01685}
      - {x: -1.3976201, y: -3.0198047}
      - {x: -1.3769364, y: -3.0257144}
      - {x: -0.51708984, y: -3.0257144}
      - {x: -0.49936107, y: -3.0227597}
    - - {x: -0.029547993, y: 2.281105}
      - {x: -0.032502793, y: 2.3136077}
      - {x: -0.03545759, y: 2.281105}
      - {x: -0.032502793, y: 2.2692857}
    - - {x: 0.63823664, y: 2.2870145}
      - {x: 0.63528186, y: 2.2899694}
      - {x: 0.61755306, y: 2.295879}
      - {x: 0.59686947, y: 2.3017886}
      - {x: 0.56141186, y: 2.310653}
      - {x: 0.53186387, y: 2.3165627}
      - {x: 0.51708984, y: 2.3165627}
      - {x: 0.51413506, y: 2.3195174}
      - {x: 0.49640626, y: 2.322472}
      - {x: 0.49049667, y: 2.3195174}
      - {x: 0.52595425, y: 2.3165627}
      - {x: 0.5289091, y: 2.3195174}
      - {x: 0.5761858, y: 2.3195174}
      - {x: 0.57914066, y: 2.322472}
      - {x: 0.61755306, y: 2.322472}
      - {x: 0.62641746, y: 2.3313365}
      - {x: 0.6411914, y: 2.3520203}
      - {x: 0.64710104, y: 2.3638394}
      - {x: 0.6411914, y: 2.3490653}
      - {x: 0.6411914, y: 2.3195174}
      - {x: 0.63823664, y: 2.3165627}
      - {x: 0.63823664, y: 2.2870145}
      - {x: 0.64710104, y: 2.281105}
      - {x: 0.6441462, y: 2.2870145}
