%YAML 1.1
%TAG !u! tag:unity3d.com,2011:
--- !u!1 &8557077431324141063
GameObject:
  m_ObjectHideFlags: 0
  m_CorrespondingSourceObject: {fileID: 0}
  m_PrefabInstance: {fileID: 0}
  m_PrefabAsset: {fileID: 0}
  serializedVersion: 6
  m_Component:
  - component: {fileID: 8557077431324141062}
  - component: {fileID: 8557077431324141081}
  - component: {fileID: 7561429981306252722}
  - component: {fileID: 5397049148522094732}
  m_Layer: 0
  m_Name: Alt-hareketli-su
  m_TagString: Obstacle
  m_Icon: {fileID: 0}
  m_NavMeshLayer: 0
  m_StaticEditorFlags: 0
  m_IsActive: 0
--- !u!4 &8557077431324141062
Transform:
  m_ObjectHideFlags: 0
  m_CorrespondingSourceObject: {fileID: 0}
  m_PrefabInstance: {fileID: 0}
  m_PrefabAsset: {fileID: 0}
  m_GameObject: {fileID: 8557077431324141063}
  m_LocalRotation: {x: -0, y: -0, z: -0, w: 1}
  m_LocalPosition: {x: -0.08, y: 9.96, z: 0}
  m_LocalScale: {x: 1, y: 1, z: 1}
  m_Children: []
  m_Father: {fileID: 8557077432801714685}
  m_RootOrder: 0
  m_LocalEulerAnglesHint: {x: 0, y: 0, z: 0}
--- !u!212 &8557077431324141081
SpriteRenderer:
  m_ObjectHideFlags: 0
  m_CorrespondingSourceObject: {fileID: 0}
  m_PrefabInstance: {fileID: 0}
  m_PrefabAsset: {fileID: 0}
  m_GameObject: {fileID: 8557077431324141063}
  m_Enabled: 1
  m_CastShadows: 0
  m_ReceiveShadows: 0
  m_DynamicOccludee: 1
  m_MotionVectors: 1
  m_LightProbeUsage: 1
  m_ReflectionProbeUsage: 1
  m_RayTracingMode: 0
  m_RenderingLayerMask: 1
  m_RendererPriority: 0
  m_Materials:
  - {fileID: 10754, guid: 0000000000000000f000000000000000, type: 0}
  m_StaticBatchInfo:
    firstSubMesh: 0
    subMeshCount: 0
  m_StaticBatchRoot: {fileID: 0}
  m_ProbeAnchor: {fileID: 0}
  m_LightProbeVolumeOverride: {fileID: 0}
  m_ScaleInLightmap: 1
  m_ReceiveGI: 1
  m_PreserveUVs: 0
  m_IgnoreNormalsForChartDetection: 0
  m_ImportantGI: 0
  m_StitchLightmapSeams: 1
  m_SelectedEditorRenderState: 0
  m_MinimumChartSize: 4
  m_AutoUVMaxDistance: 0.5
  m_AutoUVMaxAngle: 89
  m_LightmapParameters: {fileID: 0}
  m_SortingLayerID: 0
  m_SortingLayer: 0
  m_SortingOrder: 0
  m_Sprite: {fileID: 21300000, guid: 34c28075502eebd4b85ec9b114cbb2ea, type: 3}
  m_Color: {r: 1, g: 1, b: 1, a: 1}
  m_FlipX: 0
  m_FlipY: 0
  m_DrawMode: 0
  m_Size: {x: 9.55, y: 12.35}
  m_AdaptiveModeThreshold: 0.5
  m_SpriteTileMode: 0
  m_WasSpriteAssigned: 0
  m_MaskInteraction: 0
  m_SpriteSortPoint: 0
--- !u!95 &7561429981306252722
Animator:
  serializedVersion: 3
  m_ObjectHideFlags: 0
  m_CorrespondingSourceObject: {fileID: 0}
  m_PrefabInstance: {fileID: 0}
  m_PrefabAsset: {fileID: 0}
  m_GameObject: {fileID: 8557077431324141063}
  m_Enabled: 1
  m_Avatar: {fileID: 0}
  m_Controller: {fileID: 0}
  m_CullingMode: 0
  m_UpdateMode: 0
  m_ApplyRootMotion: 0
  m_LinearVelocityBlending: 0
  m_WarningMessage: 
  m_HasTransformHierarchy: 1
  m_AllowConstantClipSamplingOptimization: 1
  m_KeepAnimatorControllerStateOnDisable: 0
--- !u!61 &5397049148522094732
BoxCollider2D:
  m_ObjectHideFlags: 0
  m_CorrespondingSourceObject: {fileID: 0}
  m_PrefabInstance: {fileID: 0}
  m_PrefabAsset: {fileID: 0}
  m_GameObject: {fileID: 8557077431324141063}
  m_Enabled: 1
  m_Density: 1
  m_Material: {fileID: 0}
  m_IsTrigger: 0
  m_UsedByEffector: 0
  m_UsedByComposite: 0
  m_Offset: {x: 0, y: 0}
  m_SpriteTilingProperty:
    border: {x: 0, y: 0, z: 0, w: 0}
    pivot: {x: 0.5, y: 0.5}
    oldSize: {x: 9.55, y: 12.35}
    newSize: {x: 9.55, y: 12.35}
    adaptiveTilingThreshold: 0.5
    drawMode: 0
    adaptiveTiling: 0
  m_AutoTiling: 0
  serializedVersion: 2
  m_Size: {x: 9.55, y: 12.35}
  m_EdgeRadius: 0
--- !u!1 &8557077432801714680
GameObject:
  m_ObjectHideFlags: 0
  m_CorrespondingSourceObject: {fileID: 0}
  m_PrefabInstance: {fileID: 0}
  m_PrefabAsset: {fileID: 0}
  serializedVersion: 6
  m_Component:
  - component: {fileID: 8557077432801714685}
  - component: {fileID: 8557077432801714682}
  - component: {fileID: 7173815266002991819}
  m_Layer: 0
  m_Name: BottomObstacle 1
  m_TagString: Obstacle
  m_Icon: {fileID: 0}
  m_NavMeshLayer: 0
  m_StaticEditorFlags: 0
  m_IsActive: 1
--- !u!4 &8557077432801714685
Transform:
  m_ObjectHideFlags: 0
  m_CorrespondingSourceObject: {fileID: 0}
  m_PrefabInstance: {fileID: 0}
  m_PrefabAsset: {fileID: 0}
  m_GameObject: {fileID: 8557077432801714680}
  m_LocalRotation: {x: 0, y: 0, z: -0.08715578, w: 0.9961947}
  m_LocalPosition: {x: 0, y: -4.85, z: 0}
  m_LocalScale: {x: 0.9113645, y: 0.9113645, z: 0.9113645}
  m_Children:
  - {fileID: 8557077431324141062}
  m_Father: {fileID: 0}
  m_RootOrder: 0
  m_LocalEulerAnglesHint: {x: 0, y: 0, z: -10}
--- !u!212 &8557077432801714682
SpriteRenderer:
  m_ObjectHideFlags: 0
  m_CorrespondingSourceObject: {fileID: 0}
  m_PrefabInstance: {fileID: 0}
  m_PrefabAsset: {fileID: 0}
  m_GameObject: {fileID: 8557077432801714680}
  m_Enabled: 1
  m_CastShadows: 0
  m_ReceiveShadows: 0
  m_DynamicOccludee: 1
  m_MotionVectors: 1
  m_LightProbeUsage: 1
  m_ReflectionProbeUsage: 1
  m_RayTracingMode: 0
  m_RenderingLayerMask: 1
  m_RendererPriority: 0
  m_Materials:
  - {fileID: 10754, guid: 0000000000000000f000000000000000, type: 0}
  m_StaticBatchInfo:
    firstSubMesh: 0
    subMeshCount: 0
  m_StaticBatchRoot: {fileID: 0}
  m_ProbeAnchor: {fileID: 0}
  m_LightProbeVolumeOverride: {fileID: 0}
  m_ScaleInLightmap: 1
  m_ReceiveGI: 1
  m_PreserveUVs: 0
  m_IgnoreNormalsForChartDetection: 0
  m_ImportantGI: 0
  m_StitchLightmapSeams: 1
  m_SelectedEditorRenderState: 0
  m_MinimumChartSize: 4
  m_AutoUVMaxDistance: 0.5
  m_AutoUVMaxAngle: 89
  m_LightmapParameters: {fileID: 0}
  m_SortingLayerID: 0
  m_SortingLayer: 0
  m_SortingOrder: -1
  m_Sprite: {fileID: 21300000, guid: 1cebaf293bcbf8d45a2c67741eed44a4, type: 3}
  m_Color: {r: 1, g: 1, b: 1, a: 1}
  m_FlipX: 0
  m_FlipY: 0
  m_DrawMode: 0
  m_Size: {x: 5.13, y: 9.12}
  m_AdaptiveModeThreshold: 0.5
  m_SpriteTileMode: 0
  m_WasSpriteAssigned: 1
  m_MaskInteraction: 0
  m_SpriteSortPoint: 0
--- !u!60 &7173815266002991819
PolygonCollider2D:
  m_ObjectHideFlags: 0
  m_CorrespondingSourceObject: {fileID: 0}
  m_PrefabInstance: {fileID: 0}
  m_PrefabAsset: {fileID: 0}
  m_GameObject: {fileID: 8557077432801714680}
  m_Enabled: 1
  m_Density: 1
  m_Material: {fileID: 0}
  m_IsTrigger: 0
  m_UsedByEffector: 0
  m_UsedByComposite: 0
  m_Offset: {x: 0, y: 0}
  m_SpriteTilingProperty:
    border: {x: 0, y: 0, z: 0, w: 0}
    pivot: {x: 0.5, y: 0.5}
    oldSize: {x: 2.59, y: 5.67}
    newSize: {x: 5.13, y: 9.12}
    adaptiveTilingThreshold: 0.5
    drawMode: 0
    adaptiveTiling: 0
  m_AutoTiling: 0
  m_Points:
    m_Paths:
    - - {x: 0.185, y: -2.7549999}
      - {x: 0.345, y: -2.705}
      - {x: 0.385, y: -2.675}
      - {x: 0.385, y: -2.615}
      - {x: 0.36499998, y: -2.5349998}
      - {x: 0.315, y: -2.315}
      - {x: 0.295, y: -2.215}
      - {x: 0.265, y: -2.085}
      - {x: 0.21499999, y: -1.8549999}
      - {x: 0.175, y: -1.6949999}
      - {x: 0.125, y: -1.475}
      - {x: 0.085, y: -1.275}
      - {x: 0.065, y: -1.185}
      - {x: 0.005, y: -0.92499995}
      - {x: -0.024999999, y: -0.805}
      - {x: -0.205, y: 0.005}
      - {x: -0.225, y: 0.085}
      - {x: -0.275, y: 0.305}
      - {x: -0.315, y: 0.49499997}
      - {x: -0.325, y: 0.53499997}
      - {x: -0.33499998, y: 0.585}
      - {x: -0.345, y: 0.625}
      - {x: -0.355, y: 0.675}
      - {x: -0.36499998, y: 0.715}
      - {x: -0.385, y: 0.815}
      - {x: -0.405, y: 0.895}
      - {x: -0.475, y: 1.1949999}
      - {x: -0.49499997, y: 1.305}
      - {x: -0.515, y: 1.395}
      - {x: -0.53499997, y: 1.475}
      - {x: -0.555, y: 1.605}
      - {x: -0.545, y: 1.615}
      - {x: -0.53499997, y: 1.7049999}
      - {x: -0.45499998, y: 1.875}
      - {x: -0.285, y: 2.0249999}
      - {x: -0.235, y: 2.0449998}
      - {x: -0.145, y: 2.075}
      - {x: -0.13499999, y: 2.085}
      - {x: 0.035, y: 2.075}
      - {x: 0.145, y: 2.0449998}
      - {x: 0.24499999, y: 1.995}
      - {x: 0.33499998, y: 1.915}
      - {x: 0.385, y: 1.8449999}
      - {x: 0.42499998, y: 1.755}
      - {x: 0.45499998, y: 1.635}
      - {x: 0.48499998, y: 1.495}
      - {x: 0.505, y: 1.415}
      - {x: 0.545, y: 1.245}
      - {x: 0.565, y: 1.115}
      - {x: 0.625, y: 1.025}
      - {x: 0.685, y: 0.965}
      - {x: 0.79499996, y: 0.895}
      - {x: 0.865, y: 0.885}
      - {x: 1.005, y: 0.885}
      - {x: 1.0749999, y: 0.905}
      - {x: 1.145, y: 0.935}
      - {x: 1.225, y: 1.005}
      - {x: 1.295, y: 1.095}
      - {x: 1.295, y: 1.425}
      - {x: 1.255, y: 1.605}
      - {x: 1.1949999, y: 1.8549999}
      - {x: 1.175, y: 1.935}
      - {x: 1.145, y: 2.0249999}
      - {x: 1.125, y: 2.075}
      - {x: 1.0849999, y: 2.165}
      - {x: 1.045, y: 2.245}
      - {x: 0.98499995, y: 2.335}
      - {x: 0.895, y: 2.435}
      - {x: 0.84499997, y: 2.495}
      - {x: 0.705, y: 2.605}
      - {x: 0.625, y: 2.665}
      - {x: 0.39499998, y: 2.7749999}
      - {x: 0.305, y: 2.8049998}
      - {x: 0.185, y: 2.835}
      - {x: -0.255, y: 2.835}
      - {x: -0.345, y: 2.8149998}
      - {x: -0.42499998, y: 2.7949998}
      - {x: -0.555, y: 2.745}
      - {x: -0.60499996, y: 2.725}
      - {x: -0.695, y: 2.675}
      - {x: -0.79499996, y: 2.615}
      - {x: -0.895, y: 2.5349998}
      - {x: -0.97499996, y: 2.445}
      - {x: -1.095, y: 2.305}
      - {x: -1.145, y: 2.225}
      - {x: -1.235, y: 2.0349998}
      - {x: -1.275, y: 1.915}
      - {x: -1.295, y: 1.8249999}
      - {x: -1.295, y: 1.345}
      - {x: -1.235, y: 1.0749999}
      - {x: -1.225, y: 1.025}
      - {x: -1.2149999, y: 0.98499995}
      - {x: -1.2049999, y: 0.935}
      - {x: -1.1949999, y: 0.895}
      - {x: -1.175, y: 0.79499996}
      - {x: -1.155, y: 0.715}
      - {x: -1.0849999, y: 0.415}
      - {x: -1.0749999, y: 0.375}
      - {x: -1.045, y: 0.225}
      - {x: -0.995, y: 0.005}
      - {x: -0.935, y: -0.255}
      - {x: -0.905, y: -0.39499998}
      - {x: -0.895, y: -0.48499998}
      - {x: -0.815, y: -0.79499996}
      - {x: -0.79499996, y: -0.895}
      - {x: -0.775, y: -1.025}
      - {x: -0.745, y: -1.105}
      - {x: -0.705, y: -1.275}
      - {x: -0.685, y: -1.375}
      - {x: -0.66499996, y: -1.4649999}
      - {x: -0.635, y: -1.5849999}
      - {x: -0.615, y: -1.6949999}
      - {x: -0.59499997, y: -1.785}
      - {x: -0.575, y: -1.865}
      - {x: -0.555, y: -1.9649999}
      - {x: -0.545, y: -2.0449998}
      - {x: -0.505, y: -2.165}
      - {x: -0.475, y: -2.2949998}
      - {x: -0.415, y: -2.575}
      - {x: -0.405, y: -2.615}
      - {x: -0.39499998, y: -2.665}
      - {x: -0.385, y: -2.705}
      - {x: -0.375, y: -2.7549999}
      - {x: -0.355, y: -2.835}
      - {x: -0.195, y: -2.835}
      - {x: -0.125, y: -2.8149998}
      - {x: 0.085, y: -2.7649999}
